@STRING{ apj = "ApJ"}
@STRING{ mnras = "MNRAS"}
@STRING{ apjl = "ApJL"}
@STRING{apjs = "ApJS"}
@STRING{aap = "A\&A"}
@STRING{aj = "AJ"}

@BOOK{kant1755,
   author = {{Kant}, I. and {Jaki}, S.~L.},
    title = "{Universal natural history and theory of the heavens}",
 keywords = {COSMOLOGY, COSMOGONY},
booktitle = {Edinburgh : Scottish Academic Press, 1981.},
     year = 1981,
    pages = {13-+},
   adsurl = {http://adsabs.harvard.edu/abs/1981QB981.K1613....},
  adsnote = {Provided by the SAO/NASA Astrophysics Data System}
}

@MANUAL{mips1996,
  author = {Silicon Graphics, Inc.},
  title = {MIPSPro Fortran77 Programmer's Guide},
  year = 1996
 }

@INPROCEEDINGS{kup1951,
   author = {{Kuiper}, G.~P.},
    title = "{On the Origin of the Solar System}",
booktitle = {50th Anniversary of the Yerkes Observatory and Half a Century of Progress in Astrophysics},
     year = 1951,
   editor = {{Hynek}, J.~A.},
    pages = {357-+},
   adsurl = {http://adsabs.harvard.edu/abs/1951astr.conf..357K},
  adsnote = {Provided by the SAO/NASA Astrophysics Data System}
}

@ARTICLE{osterbrock1962,
   author = {{Osterbrock}, D.~E.},
    title = "{On Para-and Orthohydrogen Molecules in Interstellar Space.}",
  journal = apj,
     year = 1962,
    month = sep,
   volume = 136,
    pages = {359-+},
      doi = {10.1086/147388},
   adsurl = {http://adsabs.harvard.edu/abs/1962ApJ...136..359O},
  adsnote = {Provided by the SAO/NASA Astrophysics Data System}
}
 
 @ARTICLE{toomre1964,
   author = {{Toomre}, A.},
    title = "{On the gravitational stability of a disk of stars}",
  journal = apj,
     year = 1964,
    month = may,
   volume = 139,
    pages = {1217-1238},
   adsurl = {http://adsabs.harvard.edu/cgi-bin/nph-bib_query?bibcode=1964ApJ...139.1217T&db_key=AST},
  adsnote = {Provided by the Smithsonian/NASA Astrophysics Data System}
}

@ARTICLE{goldreich1965,
   author = {{Goldreich}, P. and {Lynden-Bell}, D.},
    title = "{II. Spiral arms as sheared gravitational instabilities}",
  journal = mnras,
     year = 1965,
   volume = 130,
    pages = {125-+},
   adsurl = {http://adsabs.harvard.edu/abs/1965MNRAS.130..125G},
  adsnote = {Provided by the SAO/NASA Astrophysics Data System}
}

@ARTICLE{safronov1969,
   author = {{Safronov}, V.~S. and {Zvjagina}, E.~V.},
    title = "{Relative Sizes of the Largest Bodies during the Accumulation of Planets}",
  journal = {Icarus},
     year = 1969,
    month = jan,
   volume = 10,
    pages = {109-+},
      doi = {10.1016/0019-1035(69)90013-X},
   adsurl = {http://adsabs.harvard.edu/abs/1969Icar...10..109S},
  adsnote = {Provided by the SAO/NASA Astrophysics Data System}
}

@ARTICLE{lyndenbell1972,
   author = {{Lynden-Bell}, D. and {Kalnajs}, A.~J.},
    title = "{On the generating mechanism of spiral structure}",
  journal = mnras,
     year = 1972,
   volume = 157,
    pages = {1-+},
   adsurl = {http://adsabs.harvard.edu/abs/1972MNRAS.157....1L},
  adsnote = {Provided by the Smithsonian/NASA Astrophysics Data System}
}

@ARTICLE{shakura1973,
   author = {{Shakura}, N.~I. and {Syunyaev}, R.~A.},
    title = "{Black holes in binary systems. Observational appearance.}",
    journal = aap,
     year = 1973,
   volume = 24,
    pages = {337-355},
   adsurl = {http://adsabs.harvard.edu/abs/1973A%26A....24..337S},
  adsnote = {Provided by the Smithsonian/NASA Astrophysics Data System}
}

@ARTICLE{lyndenbell1974,
   author = {{Lynden-Bell}, D. and {Pringle}, J.~E.},
    title = "{The evolution of viscous discs and the origin of the nebular variables.}",
  journal = mnras,
     year = 1974,
    month = sep,
   volume = 168,
    pages = {603-637},
   adsurl = {http://adsabs.harvard.edu/abs/1974MNRAS.168..603L},
  adsnote = {Provided by the SAO/NASA Astrophysics Data System}
}

@ARTICLE{perri1974,
   author = {{Perri}, F. and {Cameron}, A.~G.~W.},
    title = "{Hydrodynamic instability of the solar nebula in the presence of a planetary core}",
  journal = {Icarus},
     year = 1974,
    month = aug,
   volume = 22,
    pages = {416-425},
   adsurl = {http://ads.astro.puc.cl/cgi-bin/nph-bib_query?bibcode=1974Icar...22..416P&amp;db_key=AST},
  adsnote = {Provided by the NASA Astrophysics Data System}
}

@ARTICLE{lomb1975,
   author = {{Lomb}, N.~R.},
    title = "{A spectrographic study of Beta Centauri.}",
  journal = mnras,
     year = 1975,
    month = sep,
   volume = 172,
    pages = {639-647},
   adsurl = {http://adsabs.harvard.edu/abs/1975MNRAS.172..639L},
  adsnote = {Provided by the SAO/NASA Astrophysics Data System}
}

@ARTICLE{weiden1977,
   author = {{Weidenschilling}, S.~J.},
    title = "{Aerodynamics of solid bodies in the solar nebula}",
  journal = mnras,
     year = 1977,
    month = jul,
   volume = 180,
    pages = {57-70},
   adsurl = {http://adsabs.harvard.edu/cgi-bin/nph-bib_query?bibcode=1977MNRAS.180...57W&db_key=AST},
  adsnote = {Provided by the Smithsonian/NASA Astrophysics Data System}
}

@ARTICLE{cameron1978,
   author = {{Cameron}, A.~G.~W.},
    title = "{Physics of the primitive solar accretion disk}",
  journal = {Moon and Planets},
     year = 1978,
    month = feb,
   volume = 18,
    pages = {5-40},
   adsurl = {http://ads.astro.puc.cl/cgi-bin/nph-bib_query?bibcode=1978M%26P....18....5C&amp;db_key=AST},
  adsnote = {Provided by the NASA Astrophysics Data System}
}

@ARTICLE{decampli1978,
   author = {{Decampli}, W.~M. and {Cameron}, A.~G.~W. and {Bodenheimer}, P. and 
	{Black}, D.~C.},
    title = "{Ortho- and para-hydrogen in dense clouds, protoplanets, and planetary atmospheres}",
  journal = apj,
 keywords = {ABUNDANCE, HYDROGEN CLOUDS, INTERSTELLAR MATTER, PLANETARY ATMOSPHERES, STELLAR EVOLUTION, ION PRODUCTION RATES, RAMAN SPECTROSCOPY, REACTION KINETICS, SPECIFIC HEAT},
     year = 1978,
    month = aug,
   volume = 223,
    pages = {854-858},
      doi = {10.1086/156318},
   adsurl = {http://adsabs.harvard.edu/abs/1978ApJ...223..854D},
  adsnote = {Provided by the SAO/NASA Astrophysics Data System}
}

@ARTICLE{paczynski1978,
   author = {{Paczynski}, B.},
    title = "{A model of selfgravitating accretion disk}",
  journal = {\actaa},
 keywords = {ASTRONOMICAL MODELS, HEAT GENERATION, INTERSTELLAR GAS, ROTATING DISKS, STELLAR GRAVITATION, STELLAR MASS ACCRETION, ANGULAR MOMENTUM, BLACK HOLES (ASTRONOMY), GRAVITY ANOMALIES, HEAT BALANCE, KEPLER LAWS, MOMENTUM TRANSFER, OPTICAL THICKNESS, PHOTOSPHERE, QUASARS, RADIATIVE HEAT TRANSFER, STELLAR ROTATION, VISCOSITY},
     year = 1978,
   volume = 28,
    pages = {91-109},
   adsurl = {http://adsabs.harvard.edu/abs/1978AcA....28...91P},
  adsnote = {Provided by the SAO/NASA Astrophysics Data System}
}

@ARTICLE{shakura1978,
   author = {{Shakura}, N.~I. and {Sunyaev}, R.~A. and {Zilitinkevich}, S.~S.
	},
    title = "{On the turbulent energy transport in accretion discs}",
  journal = {A\&A},
     year = 1978,
    month = jan,
   volume = 62,
    pages = {179-187},
   adsurl = {http://ads.astro.puc.cl/cgi-bin/nph-bib_query?bibcode=1978A%26A....62..179S&amp;db_key=AST},
  adsnote = {Provided by the NASA Astrophysics Data System}
}

@ARTICLE{lin1979a,
   author = {{Lin}, D.~N.~C. and {Papaloizou}, J.},
    title = "{Tidal torques on accretion discs in binary systems with extreme mass ratios}",
  journal = mnras,
 keywords = {ANGULAR MOMENTUM, BINARY STARS, MOMENTUM TRANSFER, STELLAR MASS ACCRETION, STELLAR ROTATION, TRANSPORT PROPERTIES, DISKS (SHAPES), DWARF STARS, ENERGY DISSIPATION, LIGHT CURVE, MASS RATIOS, NOVAE, REYNOLDS NUMBER, TIDES, TORQUE},
     year = 1979,
    month = mar,
   volume = 186,
    pages = {799-812},
   adsurl = {http://adsabs.harvard.edu/abs/1979MNRAS.186..799L},
  adsnote = {Provided by the SAO/NASA Astrophysics Data System}
}

@ARTICLE{lin1979b,
   author = {{Lin}, D.~N.~C. and {Papaloizou}, J.},
    title = "{On the structure of circumbinary accretion disks and the tidal evolution of commensurable satellites}",
  journal = mnras,
 keywords = {BINARY STARS, GALILEAN SATELLITES, PLANETARY EVOLUTION, ROTATING DISKS, STELLAR MASS ACCRETION, TIDES, ANGULAR MOMENTUM, CANONICAL FORMS, ECCENTRICITY, ENERGY DISSIPATION, EQUATIONS OF MOTION, JUPITER (PLANET), ROCHE LIMIT, SOLAR SYSTEM, STELLAR EVOLUTION},
     year = 1979,
    month = jul,
   volume = 188,
    pages = {191-201},
   adsurl = {http://adsabs.harvard.edu/abs/1979MNRAS.188..191L},
  adsnote = {Provided by the SAO/NASA Astrophysics Data System}
}

@ARTICLE{vanleer1979,
   author={{van Leer}, B.},
   title="{Towards the ultimate conservative difference scheme. V. A second-order sequel to Godunov's method}",
   journal={Journal of Computational Physics},
   year=1979,
   month=jul,
   volume=32,
   pages={101-136},
   adsurl={http://www.sciencedirect.com/science/article/B6WHY-4DD1N8T-C5/1/725f090654a0116dd066330c4d9a198e}
   }
   
   @ARTICLE{goldreich1980,
   author = {{Goldreich}, P. and {Tremaine}, S.},
    title = "{Disk-satellite interactions}",
  journal = apj,
 keywords = {JUPITER (PLANET), MOMENTUM TRANSFER, NATURAL SATELLITES, PLANETARY EVOLUTION, PROTOPLANETS, ANGULAR MOMENTUM, CELESTIAL MECHANICS, RESONANCE, SOLAR SYSTEM},
     year = 1980,
    month = oct,
   volume = 241,
    pages = {425-441},
      doi = {10.1086/158356},
   adsurl = {http://adsabs.harvard.edu/abs/1980ApJ...241..425G},
  adsnote = {Provided by the SAO/NASA Astrophysics Data System}
}

@ARTICLE{mizuno1980,
   author = {{Mizuno}, H.},
    title = "{Formation of the Giant Planets}",
  journal = {Progress of Theoretical Physics},
     year = 1980,
    month = aug,
   volume = 64,
    pages = {544-557},
   adsurl = {http://adsabs.harvard.edu/cgi-bin/nph-bib_query?bibcode=1980PThPh..64..544M&db_key=AST},
  adsnote = {Provided by the Smithsonian/NASA Astrophysics Data System}
}

@ARTICLE{slattery1980,
   author = {{Slattery}, W.~L. and {Decampli}, W.~M. and {Cameron}, A.~G.~W.
	},
    title = "{Protoplanetary core formation by rain-out of minerals}",
  journal = {Moon and Planets},
     year = 1980,
    month = dec,
   volume = 23,
    pages = {381-390},
   adsurl = {http://adsabs.harvard.edu/cgi-bin/nph-bib_query?bibcode=1980M%26P....23..381S&db_key=AST},
  adsnote = {Provided by the Smithsonian/NASA Astrophysics Data System}
}

@ARTICLE{tohline1980,
   author = {{Tohline}, J.~E.},
    title = "{Fragmentation of rotating protostellar clouds}",
  journal = apj,
 keywords = {INTERSTELLAR GAS, PROTOSTARS, STELLAR EVOLUTION, STELLAR ROTATION, STELLAR STRUCTURE, COMPUTER PROGRAMS, GAS PRESSURE, GRAVITATIONAL COLLAPSE, HYDRODYNAMICS, HYDROGEN CLOUDS, MOLECULAR GASES, NEBULAE, STELLAR MASS},
     year = 1980,
    month = feb,
   volume = 235,
    pages = {866-881},
      doi = {10.1086/157688},
   adsurl = {http://adsabs.harvard.edu/abs/1980ApJ...235..866T},
  adsnote = {Provided by the SAO/NASA Astrophysics Data System}
}

@ARTICLE{cassen1981,
   author = {{Cassen}, P. and {Moosman}, A.},
    title = "{On the formation of protostellar disks}",
  journal = {Icarus},
 keywords = {INTERSTELLAR GAS, PROTOSTARS, ROTATING FLUIDS, STELLAR EVOLUTION, STELLAR MASS ACCRETION, ANGULAR MOMENTUM, ASTRONOMICAL MODELS, DISKS (SHAPES), GAS VISCOSITY, GRAVITATIONAL EFFECTS, HYDRODYNAMICS, RADIAL FLOW, SHEAR STRESS, SOLAR CORONA, TEMPERATURE DISTRIBUTION, TURBULENT DIFFUSION},
     year = 1981,
    month = dec,
   volume = 48,
    pages = {353-376},
      doi = {10.1016/0019-1035(81)90051-8},
   adsurl = {http://adsabs.harvard.edu/abs/1981Icar...48..353C},
  adsnote = {Provided by the SAO/NASA Astrophysics Data System}
}

@ARTICLE{lin1981,
   author = {{Lin}, D.~N.~C.},
    title = "{Convective accretion disk model for the primordial solar nebula}",
  journal = apj,
 keywords = {CONVECTIVE HEAT TRANSFER, NEBULAE, PROTOSTARS, SOLAR CORONA, STELLAR EVOLUTION, STELLAR MASS ACCRETION, COSMOLOGY, GRAVITATIONAL EFFECTS, MAGNETOHYDRODYNAMIC FLOW, OPTICAL THICKNESS, PROTOPLANETS, SOLAR SYSTEM, STELLAR MASS, STELLAR MODELS},
     year = 1981,
    month = jun,
   volume = 246,
    pages = {972-984},
      doi = {10.1086/158991},
   adsurl = {http://adsabs.harvard.edu/abs/1981ApJ...246..972L},
  adsnote = {Provided by the SAO/NASA Astrophysics Data System}
}

@INPROCEEDINGS{toomre1981,
   author = {{Toomre}, A.},
    title = "{What amplifies the spirals}",
 keywords = {GALACTIC STRUCTURE, ROTATING DISKS, SPIRAL GALAXIES, STAR DISTRIBUTION, STELLAR MOTIONS, GRAVITATIONAL EFFECTS, HALOS, RADIAL VELOCITY, SHEAR FLOW},
booktitle = {Structure and Evolution of Normal Galaxies},
     year = 1981,
   editor = "{S.~M.~Fall \& D.~Lynden-Bell}",
    pages = {111-136},
   adsurl = {http://adsabs.harvard.edu/abs/1981seng.proc..111T},
  adsnote = {Provided by the SAO/NASA Astrophysics Data System}
}

@ARTICLE{scargle1982,
   author = {{Scargle}, J.~D.},
    title = "{Studies in astronomical time series analysis. II - Statistical aspects of spectral analysis of unevenly spaced data}",
  journal = apj,
 keywords = {ASTRONOMY, SIGNAL DETECTION, SPECTRUM ANALYSIS, STATISTICAL DISTRIBUTIONS, TIME SERIES ANALYSIS, FOURIER TRANSFORMATION, FREQUENCY RESPONSE, POWER SPECTRA, SIGNAL TO NOISE RATIOS},
     year = 1982,
    month = dec,
   volume = 263,
    pages = {835-853},
      doi = {10.1086/160554},
   adsurl = {http://adsabs.harvard.edu/abs/1982ApJ...263..835S},
  adsnote = {Provided by the SAO/NASA Astrophysics Data System}
}

@ARTICLE{albada1982,
   author = {{van Albada}, G.~D. and {van Leer}, B. and {Roberts}, Jr., W.~W.
	},
    title = "{A comparative study of computational methods in cosmic gas dynamics}",
  journal = {\aap},
 keywords = {ASTRONOMICAL MODELS, COMPUTATIONAL FLUID DYNAMICS, GAS DYNAMICS, INTERSTELLAR GAS, MAGNETOHYDRODYNAMICS, ALGORITHMS, COMPARISON, METHODOLOGY, ROOT-MEAN-SQUARE ERRORS, SPIRAL GALAXIES},
     year = 1982,
    month = apr,
   volume = 108,
    pages = {76-84},
   adsurl = {http://adsabs.harvard.edu/abs/1982A%26A...108...76V},
  adsnote = {Provided by the SAO/NASA Astrophysics Data System}
}

@ARTICLE{boss1984,
   author = {{Boss}, A.~P.},
    title = "{Angular momentum transfer by gravitational torques and the evolution of binary protostars}",
  journal = mnras,
 keywords = {ANGULAR MOMENTUM, BINARY STARS, PROTOSTARS, STELLAR EVOLUTION, STELLAR GRAVITATION, STELLAR ROTATION, MOMENTUM TRANSFER, STELLAR MASS ACCRETION, STELLAR MODELS, TEMPORAL DISTRIBUTION},
     year = 1984,
    month = aug,
   volume = 209,
    pages = {543-567},
   adsurl = {http://adsabs.harvard.edu/abs/1984MNRAS.209..543B},
  adsnote = {Provided by the SAO/NASA Astrophysics Data System}
}

@ARTICLE{flower1984,
   author = {{Flower}, D.~R. and {Watt}, G.~D.},
    title = "{On the ortho-H2/para-H2 ratio in molecular clouds}",
  journal = mnras,
 keywords = {ABUNDANCE, INTERSTELLAR GAS, MOLECULAR CLOUDS, ORTHO HYDROGEN, PARA HYDROGEN, PROTON DENSITY (CONCENTRATION), TIME DEPENDENCE},
     year = 1984,
    month = jul,
   volume = 209,
    pages = {25-31},
   adsurl = {http://adsabs.harvard.edu/abs/1984MNRAS.209...25F},
  adsnote = {Provided by the SAO/NASA Astrophysics Data System}
}

@ARTICLE{larson1984,
   author = {{Larson}, R.~B.},
    title = "{Gravitational torques and star formation}",
  journal = mnras,
     year = 1984,
    month = jan,
   volume = 206,
    pages = {197-207},
   adsurl = {http://ads.astro.puc.cl/cgi-bin/nph-bib_query?bibcode=1984MNRAS.206..197L&amp;db_key=AST},
  adsnote = {Provided by the NASA Astrophysics Data System}
}

@ARTICLE{shannon1984,
author={Shannon, C.E.},
journal={Proceedings of the IEEE},
title={Communication in the presence of noise},
year={1984},
month={sept.},
volume={72},
number={9},
pages={ 1192 - 1201},
keywords={},
doi={},
ISSN={0018-9219}
}

@ARTICLE{durisen1986,
   author = {{Durisen}, R.~H. and {Gingold}, R.~A. and {Tohline}, J.~E. and 
	{Boss}, A.~P.},
    title = "{Dynamic fission instabilities in rapidly rotating N = 3/2 polytropes - A comparison of results from finite-difference and smoothed particle hydrodynamics codes}",
  journal = apj,
 keywords = {BINARY STARS, COMPUTATIONAL ASTROPHYSICS, FINITE DIFFERENCE THEORY, FISSION, HYDRODYNAMIC EQUATIONS, STELLAR EVOLUTION, STELLAR ROTATION, COMPUTATIONAL GRIDS, DIFFUSION, PERTURBATION THEORY, STELLAR MASS, STELLAR MODELS, STELLAR STRUCTURE},
     year = 1986,
    month = jun,
   volume = 305,
    pages = {281-308},
      doi = {10.1086/164248},
   adsurl = {http://adsabs.harvard.edu/abs/1986ApJ...305..281D},
  adsnote = {Provided by the SAO/NASA Astrophysics Data System}
}

@ARTICLE{horne1986,
   author = {{Horne}, J.~H. and {Baliunas}, S.~L.},
    title = "{A prescription for period analysis of unevenly sampled time series}",
  journal = apj,
 keywords = {COMPUTATIONAL ASTROPHYSICS, PERIODIC FUNCTIONS, TIME SERIES ANALYSIS, FOURIER ANALYSIS, PROBABILITY DISTRIBUTION FUNCTIONS, SAMPLING, SIGNAL TO NOISE RATIOS, VARIANCE (STATISTICS)},
     year = 1986,
    month = mar,
   volume = 302,
    pages = {757-763},
      doi = {10.1086/164037},
   adsurl = {http://adsabs.harvard.edu/abs/1986ApJ...302..757H},
  adsnote = {Provided by the SAO/NASA Astrophysics Data System}
}

@ARTICLE{hachisu1986,
   author = {{Hachisu}, I.},
    title = "{A versatile method for obtaining structures of rapidly rotating stars}",
  journal = apjs,
     year = 1986,
    month = jul,
   volume = 61,
    pages = {479-507},
      doi = {10.1086/191121},
   adsurl = {http://adsabs.harvard.edu/cgi-bin/nph-bib_query?bibcode=1986ApJS...61..479H&db_key=AST},
  adsnote = {Provided by the Smithsonian/NASA Astrophysics Data System}
}

@ARTICLE{lin1986,
   author = {{Lin}, D.~N.~C. and {Papaloizou}, J.},
    title = "{On the tidal interaction between protoplanets and the primordial solar nebula. II - Self-consistent nonlinear interaction}",
  journal = apj,
 keywords = {NEBULAE, PLANETARY EVOLUTION, PROTOPLANETS, SOLAR CORONA, SOLAR PLANETARY INTERACTIONS, TIDES, ACCRETION DISKS, DENSITY DISTRIBUTION, DIFFERENCE EQUATIONS, PRESSURE EFFECTS, SELF CONSISTENT FIELDS, SHOCK WAVES, VISCOSITY},
     year = 1986,
    month = aug,
   volume = 307,
    pages = {395-409},
      doi = {10.1086/164426},
   adsurl = {http://adsabs.harvard.edu/abs/1986ApJ...307..395L},
  adsnote = {Provided by the SAO/NASA Astrophysics Data System}
}

@INPROCEEDINGS{norman1986,
   author = {{Norman}, M.~L. and {Winkler}, K.-H.~A.},
    title = "{2-D Eulerian Hydrodynamics with Fluid Interfaces, Self-Gravity and Rotation}",
booktitle = {NATO Advanced Research Workshop on Astrophysical Radiation Hydrodynamics,},
     year = 1986,
     editor = {{Winkler}, K.-H.~A. and {Norman}, M.~L.},
     publisher = {D. Reidel Publishing Co., Boston, MA},
    pages = {187},
   adsurl = {http://adsabs.harvard.edu/cgi-bin/nph-bib_query?bibcode=1986arh..conf..187N&db_key=AST},
  adsnote = {Provided by the Smithsonian/NASA Astrophysics Data System}
}

@ARTICLE{adams1987,
   author = {{Adams}, F.~C. and {Lada}, C.~J. and {Shu}, F.~H.},
    title = "{Spectral evolution of young stellar objects}",
  journal = apj,
 keywords = {PRE-MAIN SEQUENCE STARS, PROTOSTARS, SPECTRAL ENERGY DISTRIBUTION, STAR FORMATION, STELLAR EVOLUTION, INFRARED SPECTRA, STELLAR MODELS, T TAURI STARS},
     year = 1987,
    month = jan,
   volume = 312,
    pages = {788-806},
      doi = {10.1086/164924},
   adsurl = {http://adsabs.harvard.edu/abs/1987ApJ...312..788A},
  adsnote = {Provided by the SAO/NASA Astrophysics Data System}
}

@ARTICLE{kenyon1987,
   author = {{Kenyon}, S.~J. and {Hartmann}, L.},
    title = "{Spectral energy distributions of T Tauri stars - Disk flaring and limits on accretion}",
  journal = apj,
 keywords = {ASTRONOMICAL PHOTOGRAPHY, ENERGY DISTRIBUTION, STELLAR MASS ACCRETION, STELLAR SPECTRA, T TAURI STARS, ABSORPTION SPECTRA, EMISSION SPECTRA, INFRARED SPECTRA, STELLAR FLARES, STELLAR MODELS, STELLAR RADIATION},
     year = 1987,
    month = dec,
   volume = 323,
    pages = {714-733},
      doi = {10.1086/165866},
   adsurl = {http://adsabs.harvard.edu/abs/1987ApJ...323..714K},
  adsnote = {Provided by the SAO/NASA Astrophysics Data System}
}

@ARTICLE{lin1987,
   author = {{Lin}, D.~N.~C. and {Pringle}, J.~E.},
    title = "{A viscosity prescription for a self-gravitating accretion disc}",
  journal = {\mnras},
 keywords = {ACCRETION DISKS, ANGULAR MOMENTUM, GAS VISCOSITY, GRAVITATIONAL EFFECTS, MOMENTUM TRANSFER, SIMILARITY THEOREM, STELLAR EVOLUTION},
     year = 1987,
    month = apr,
   volume = 225,
    pages = {607-613},
   adsurl = {http://adsabs.harvard.edu/abs/1987MNRAS.225..607L},
  adsnote = {Provided by the SAO/NASA Astrophysics Data System}
}

@PHDTHESIS{williamsphd1988,
   author = {{Williams}, H.~A.},
    title = "{Star formation, using 3-D explicit Eulerian hydrodynamics}",
 keywords = {ASTRONOMICAL MODELS, COMPUTER PROGRAMS, EULER EQUATIONS OF MOTION, HYDRODYNAMICS, STAR FORMATION, ANGULAR MOMENTUM, FINITE DIFFERENCE THEORY, FOURIER ANALYSIS, VECTORS (MATHEMATICS)},
   school = {AA(Louisiana State Univ., Baton Rouge.)},
     year = 1988,
   adsurl = {http://adsabs.harvard.edu/abs/1988PhDT.........3W},
  adsnote = {Provided by the SAO/NASA Astrophysics Data System}
}

@ARTICLE{adams1989,
   author = {{Adams}, F.~C. and {Ruden}, S.~P. and {Shu}, F.~H.},
    title = "{Eccentric gravitational instabilities in nearly Keplerian disks}",
  journal = apj,
 keywords = {ECCENTRICITY, KEPLER LAWS, PRE-MAIN SEQUENCE STARS, STAR FORMATION, STELLAR ENVELOPES, STELLAR GRAVITATION, GRAVITATIONAL EFFECTS, PROTOSTARS, STELLAR LUMINOSITY, STELLAR ROTATION},
     year = 1989,
    month = dec,
   volume = 347,
    pages = {959-976},
      doi = {10.1086/168187},
   adsurl = {http://adsabs.harvard.edu/abs/1989ApJ...347..959A},
  adsnote = {Provided by the SAO/NASA Astrophysics Data System}
}

@ARTICLE{barnes1989,
   author = {{Barnes}, J.~E. and {Hut}, P.},
    title = "{Error analysis of a tree code}",
  journal = apjs,
 keywords = {COMPUTATIONAL ASTROPHYSICS, ERROR ANALYSIS, MANY BODY PROBLEM, TREES (MATHEMATICS), ACCURACY, CELESTIAL MECHANICS, GRAVITATIONAL EFFECTS},
     year = 1989,
    month = jun,
   volume = 70,
    pages = {389-417},
      doi = {10.1086/191343},
   adsurl = {http://adsabs.harvard.edu/abs/1989ApJS...70..389B},
  adsnote = {Provided by the SAO/NASA Astrophysics Data System}
}

@ARTICLE{press1989,
   author = {{Press}, W.~H. and {Rybicki}, G.~B.},
    title = "{Fast algorithm for spectral analysis of unevenly sampled data}",
  journal = apj,
 keywords = {ALGORITHMS, DATA SAMPLING, FAST FOURIER TRANSFORMATIONS, SPECTRUM ANALYSIS, COMPUTER PROGRAMS, FORTRAN},
     year = 1989,
    month = mar,
   volume = 338,
    pages = {277-280},
      doi = {10.1086/167197},
   adsurl = {http://adsabs.harvard.edu/abs/1989ApJ...338..277P},
  adsnote = {Provided by the SAO/NASA Astrophysics Data System}
}

@ARTICLE{channell1990,
    author = {{Channell}, P.~A. and {Scovel}, C.},
    title = "{Symplectic integration of Hamiltonian systems}",
    journal = {Nonlinearity},
    year = 1990,
    month = may,
    volume = 3,
    pages = {231-259},
}

@ARTICLE{lin1990,
   author = {{Lin}, D.~N.~C. and {Pringle}, J.~E.},
    title = "{The formation and initial evolution of protostellar disks}",
  journal = apj,
 keywords = {ACCRETION DISKS, PRE-MAIN SEQUENCE STARS, PROTOSTARS, STAR FORMATION, STELLAR EVOLUTION, GRAVITATIONAL COLLAPSE, INTERSTELLAR MATTER, ROTATING MATTER},
     year = 1990,
    month = aug,
   volume = 358,
    pages = {515-524},
      doi = {10.1086/169004},
   adsurl = {http://adsabs.harvard.edu/abs/1990ApJ...358..515L},
  adsnote = {Provided by the SAO/NASA Astrophysics Data System}
}

@ARTICLE{shu1990,
   author = {{Shu}, F.~H. and {Tremaine}, S. and {Adams}, F.~C. and {Ruden}, S.~P.
	},
    title = "{Sling amplification and eccentric gravitational instabilities in gaseous disks}",
  journal = apj,
 keywords = {ECCENTRICITY, EIGENVALUES, GAS DYNAMICS, GRAVITATIONAL EFFECTS, GRAVITATIONAL FIELDS, STAR FORMATION, ACCRETION DISKS, ENERGY DISSIPATION, LUMINOUS INTENSITY},
     year = 1990,
    month = aug,
   volume = 358,
    pages = {495-514},
      doi = {10.1086/169003},
   adsurl = {http://adsabs.harvard.edu/abs/1990ApJ...358..495S},
  adsnote = {Provided by the SAO/NASA Astrophysics Data System}
}

@ARTICLE{yoshida1990,
    author = {{Yoshida}, H.},
    title = "{Construction of higher order symplectic integrators}",
    journal = {Phys. Lett. A},
    year = 1990,
    month = nov,
    volume = 150,
    pages = {262-268},
}

@ARTICLE{balbus1991,
   author = {{Balbus}, S.~A. and {Hawley}, J.~F.},
    title = "{A powerful local shear instability in weakly magnetized disks. I - Linear analysis. II - Nonlinear evolution}",
  journal = apj,
     year = 1991,
    month = jul,
   volume = 376,
    pages = {214-233},
   adsurl = {http://ads.astro.puc.cl/cgi-bin/nph-bib_query?bibcode=1991ApJ...376..214B&amp;db_key=AST},
  adsnote = {Provided by the NASA Astrophysics Data System}
}

@ARTICLE{christodoulou1991,
   author = {{Christodoulou}, D.~M.},
    title = "{The stability of cold, flattened, self-gravitating disks obeying other than Newtonian force laws}",
  journal = {\apj},
 keywords = {GALACTIC ROTATION, GRAVITATIONAL EFFECTS, NEWTON THEORY, SPIRAL GALAXIES, STABILITY, ASTRONOMICAL MODELS, COMPUTERIZED SIMULATION, COSMOLOGY, GALACTIC STRUCTURE},
     year = 1991,
    month = may,
   volume = 372,
    pages = {471-477},
      doi = {10.1086/169992},
   adsurl = {http://adsabs.harvard.edu/abs/1991ApJ...372..471C},
  adsnote = {Provided by the SAO/NASA Astrophysics Data System}
}

@ARTICLE{papaloizou1991,
   author = {{Papaloizou}, J.~C. and {Savonije}, G.~J.},
    title = "{Instabilities in self-gravitating gaseous discs}",
  journal = mnras,
 keywords = {ACCRETION DISKS, COSMIC GASES, GRAVITATIONAL EFFECTS, ROTATING FLUIDS, VORTICITY, ANGULAR MOMENTUM, COMPUTATIONAL ASTROPHYSICS, EIGENVALUES, EQUATIONS OF MOTION, PLANETARY RINGS},
     year = 1991,
    month = feb,
   volume = 248,
    pages = {353-369},
   adsurl = {http://adsabs.harvard.edu/abs/1991MNRAS.248..353P},
  adsnote = {Provided by the SAO/NASA Astrophysics Data System}
}

@ARTICLE{tomley1991,
   author = {{Tomley}, L. and {Cassen}, P. and {Steiman-Cameron}, T.},
    title = "{On the evolution of gravitationally unstable protostellar disks}",
  journal = apj,
 keywords = {GRAVITATIONAL COLLAPSE, MANY BODY PROBLEM, PROTOSTARS, STAR FORMATION, STELLAR EVOLUTION, ANGULAR MOMENTUM, ASTRONOMICAL MODELS, COMPUTATIONAL ASTROPHYSICS, INTERSTELLAR MATTER, STELLAR ENVELOPES, T TAURI STARS},
     year = 1991,
    month = dec,
   volume = 382,
    pages = {530-543},
      doi = {10.1086/170740},
   adsurl = {http://adsabs.harvard.edu/abs/1991ApJ...382..530T},
  adsnote = {Provided by the SAO/NASA Astrophysics Data System}
}

@ARTICLE{cabot1992,
   author = {{Cabot}, W. and {Pollack}, J.~B.},
    title = "{Direct numerical simulations of turbulent convection: II. variable gravity and differential rotation}",
  journal = {Geophysical and Astrophysical Fluid Dynamics},
 keywords = {Convection, turbulence, differential rotation, numerical integration, solar nebula},
     year = 1992,
   volume = 64,
    pages = {97-133},
      doi = {10.1080/03091929208228086},
   adsurl = {http://adsabs.harvard.edu/abs/1992GApFD..64...97C},
  adsnote = {Provided by the SAO/NASA Astrophysics Data System}
}

@ARTICLE{noh1992,
   author = {{Noh}, H. and {Vishniac}, E.~T. and {Cochran}, W.~D.},
    title = "{An examination of the M = 1 instability in a low-mass protoplanetary disk}",
  journal = apj,
 keywords = {GRAVITATIONAL FIELDS, PROTOPLANETS, SOLAR INTERIOR, SOLAR ROTATION, STELLAR MODELS, BOUNDARY CONDITIONS, COROTATION, ENERGY TRANSFER, ENTROPY, MOMENTUM TRANSFER},
     year = 1992,
    month = sep,
   volume = 397,
    pages = {347-352},
      doi = {10.1086/171790},
   adsurl = {http://adsabs.harvard.edu/abs/1992ApJ...397..347N},
  adsnote = {Provided by the SAO/NASA Astrophysics Data System}
}

@MASTERSTHESIS{owen1992,
   author={{Owen}, S.~J.},
   title="{An Implementation of Natural Neighbor Interpolation in Three Dimensions}",
   school={Brigham Young University},
   year=1992,
   month=jan
}

@book{press1992,
    address = {Cambridge, UK},
    author = {Press, William and Teukolsky, Saul and Vetterling, William and Flannery, Brian},
    citeulike-article-id = {767703},
    edition = {2nd},
    keywords = {bibtex-import},
    posted-at = {2006-07-21 00:26:35},
    priority = {0},
    publisher = {Cambridge University Press},
    title = {{Numerical Recipes in C}},
    year = {1992}
}

@ARTICLE{ryu1992,
   author = {{Ryu}, D. and {Goodman}, J.},
    title = "{Convective instability in differentially rotating disks}",
  journal = apj,
 keywords = {ACCRETION DISKS, CONVECTIVE FLOW, MAGNETOHYDRODYNAMIC STABILITY, MASS FLOW, ROTATING PLASMAS, ACTIVE GALACTIC NUCLEI, ANGULAR MOMENTUM, ANGULAR VELOCITY, MOMENTUM TRANSFER, QUASARS},
     year = 1992,
    month = apr,
   volume = 388,
    pages = {438-450},
      doi = {10.1086/171165},
   adsurl = {http://adsabs.harvard.edu/abs/1992ApJ...388..438R},
  adsnote = {Provided by the SAO/NASA Astrophysics Data System}
}

@article{tuckerman1992,
author = {M. Tuckerman and B. J. Berne and G. J. Martyna},
collaboration = {},
title = {Reversible multiple time scale molecular dynamics},
publisher = {AIP},
year = {1992},
journal = {The Journal of Chemical Physics},
volume = {97},
number = {3},
pages = {1990-2001},
keywords = {PROPAGATOR; ALGORITHMS; SIMULATION; MOLECULAR DYNAMICS CALCULATIONS; REVERSIBLE PROCESSES; TIME DEPENDENCE; CLASSICAL MECHANICS; REVIEWS; SERIES EXPANSION; CARTESIAN COORDINATES; BOLTZMANNVLASOV EQUATION},
url = {http://link.aip.org/link/?JCP/97/1990/1},
doi = {10.1063/1.463137}
}   

@PHDTHESIS{yangphd1992,
   author = {{Yang}, S.~X.},
   title = "{Structure, evolution, and stability of rotating protostars}",
   journal = {Ph.D.~ Thesis},
   year = 1992,
   school = {Indiana University},
   month = aug,
   adsurl = {http://adsabs.harvard.edu/cgi-bin/nph-bib_query?bibcode=1992PhDT.........4Y&db_key=AST},
  adsnote = {Provided by the Smithsonian/NASA Astrophysics Data System}
}

@ARTICLE{andre1993,
   author = {{Andre}, P. and {Ward-Thompson}, D. and {Barsony}, M.},
    title = "{Submillimeter continuum observations of Rho Ophiuchi A - The candidate protostar VLA 1623 and prestellar clumps}",
  journal = apj,
 keywords = {EARLY STARS, PROTOSTARS, STAR FORMATION, STELLAR STRUCTURE, COSMIC DUST, ENERGY DISTRIBUTION, SUBMILLIMETER WAVES},
     year = 1993,
    month = mar,
   volume = 406,
    pages = {122-141},
      doi = {10.1086/172425},
   adsurl = {http://adsabs.harvard.edu/abs/1993ApJ...406..122A},
  adsnote = {Provided by the SAO/NASA Astrophysics Data System}
}

@ARTICLE{yorke1993,
   author = {{Yorke}, H.~W. and {Bodenheimer}, P. and {Laughlin}, G.},
    title = "{The formation of protostellar disks. I - 1 M(solar)}",
  journal = apj,
 keywords = {GRAVITATIONAL COLLAPSE, MOLECULAR CLOUDS, PROTOSTARS, STAR FORMATION, STELLAR MASS, ANGULAR MOMENTUM, ANGULAR VELOCITY, INTERSTELLAR MATTER, MAGNETIC CLOUDS},
     year = 1993,
    month = jul,
   volume = 411,
    pages = {274-284},
      doi = {10.1086/172827},
   adsurl = {http://adsabs.harvard.edu/abs/1993ApJ...411..274Y},
  adsnote = {Provided by the SAO/NASA Astrophysics Data System}
}

@ARTICLE{greene1994,
   author = {{Greene}, T.~P. and {Wilking}, B.~A. and {Andre}, P. and {Young}, E.~T. and 
	{Lada}, C.~J.},
    title = "{Further mid-infrared study of the rho Ophiuchi cloud young stellar population: Luminosities and masses of pre-main-sequence stars}",
  journal = apj,
 keywords = {INFRARED ASTRONOMY, INFRARED STARS, OPHIUCHI CLOUDS, PRE-MAIN SEQUENCE STARS, SKY SURVEYS (ASTRONOMY), SPECTRAL ENERGY DISTRIBUTION, STELLAR LUMINOSITY, STELLAR MASS, STELLAR MODELS, ASTRONOMICAL PHOTOMETRY, INFRARED ASTRONOMY SATELLITE, TAURUS CONSTELLATION},
     year = 1994,
    month = oct,
   volume = 434,
    pages = {614-626},
      doi = {10.1086/174763},
   adsurl = {http://adsabs.harvard.edu/abs/1994ApJ...434..614G},
  adsnote = {Provided by the SAO/NASA Astrophysics Data System}
}

@ARTICLE{laughlin1994,
   author = {{Laughlin}, G. and {Bodenheimer}, P.},
    title = "{Nonaxisymmetric evolution in protostellar disks}",
  journal = apj,
 keywords = {ANGULAR MOMENTUM, AXISYMMETRIC BODIES, COMPUTERIZED SIMULATION, HYDRODYNAMICS, NUMERICAL ANALYSIS, STELLAR EVOLUTION, STELLAR MODELS, GRAVITATIONAL EFFECTS, KEPLER LAWS},
     year = 1994,
    month = nov,
   volume = 436,
    pages = {335-354},
      doi = {10.1086/174909},
   adsurl = {http://adsabs.harvard.edu/abs/1994ApJ...436..335L},
  adsnote = {Provided by the SAO/NASA Astrophysics Data System}
}

@ARTICLE{tomley1994,
   author = {{Tomley}, L. and {Steiman-Cameron}, T.~Y. and {Cassen}, P.},
    title = "{Further studies of gravitationally unstable protostellar disks}",
  journal = apj,
 keywords = {ASTRONOMICAL MODELS, COMPUTERIZED SIMULATION, GRAVITATIONAL FIELDS, MATHEMATICAL MODELS, PROTOSTARS, SOLAR CORONA, SOLAR SYSTEM EVOLUTION, STABILITY, STAR FORMATION, STELLAR ENVELOPES, CLUMPS, COOLING, DENSITY DISTRIBUTION, MASS RATIOS, NONLINEAR SYSTEMS},
     year = 1994,
    month = feb,
   volume = 422,
    pages = {850-861},
      doi = {10.1086/173777},
   adsurl = {http://adsabs.harvard.edu/abs/1994ApJ...422..850T},
  adsnote = {Provided by the SAO/NASA Astrophysics Data System}
}

@ARTICLE{brandenburg1995,
   author = {{Brandenburg}, A. and {Nordlund}, A. and {Stein}, R.~F. and 
	{Torkelsson}, U.},
    title = "{Dynamo-generated Turbulence and Large-Scale Magnetic Fields in a Keplerian Shear Flow}",
  journal = apj,
 keywords = {ACCRETION, ACCRETION DISKS, MAGNETOHYDRODYNAMICS: MHD, SHOCK WAVES, TURBULENCE},
     year = 1995,
    month = jun,
   volume = 446,
    pages = {741-+},
      doi = {10.1086/175831},
   adsurl = {http://adsabs.harvard.edu/abs/1995ApJ...446..741B},
  adsnote = {Provided by the SAO/NASA Astrophysics Data System}
}

@ARTICLE{hawley1995,
   author = {{Hawley}, J.~F. and {Gammie}, C.~F. and {Balbus}, S.~A.},
    title = "{Local Three-dimensional Magnetohydrodynamic Simulations of Accretion Disks}",
  journal = apj,
 keywords = {ACCRETION, ACCRETION DISKS, INSTABILITIES, MAGNETOHYDRODYNAMICS: MHD},
     year = 1995,
    month = feb,
   volume = 440,
    pages = {742-+},
      doi = {10.1086/175311},
   adsurl = {http://adsabs.harvard.edu/abs/1995ApJ...440..742H},
  adsnote = {Provided by the SAO/NASA Astrophysics Data System}
}

@ARTICLE{hut1995,
   author = {{Hut}, P. and {Makino}, J. and {McMillan}, S.},
    title = "{Building a better leapfrog}",
  journal = apjl,
 keywords = {ALGORITHMS, ASTRODYNAMICS, CELESTIAL MECHANICS, ENERGY CONSERVATION, STAR CLUSTERS, STEP FUNCTIONS, COMPUTER PROGRAMS, COMPUTERIZED SIMULATION, DYNAMIC MODELS, ELLIPTICAL ORBITS},
     year = 1995,
    month = apr,
   volume = 443,
    pages = {L93-L96},
      doi = {10.1086/187844},
   adsurl = {http://adsabs.harvard.edu/abs/1995ApJ...443L..93H},
  adsnote = {Provided by the SAO/NASA Astrophysics Data System}
}

@ARTICLE{mayor1995,
   author = {{Mayor}, M. and {Queloz}, D.},
    title = "{A Jupiter-Mass Companion to a Solar-Type Star}",
  journal = {Nature},
     year = 1995,
    month = nov,
   volume = 378,
    pages = {355-+},
      doi = {10.1038/378355a0},
   adsurl = {http://adsabs.harvard.edu/abs/1995Natur.378..355M},
  adsnote = {Provided by the SAO/NASA Astrophysics Data System}
}

@PHDTHESIS{pickettphd1995,
   author = {{Pickett}, B.~K.},
    title = "{Three Dimensional Hydrodynamics of Protostars and Protostellar Disks}",
    journal = {Ph.D.~ Thesis},
    school = {Indiana University},
    year = 1995,
    month = jan,
   adsurl = {http://adsabs.harvard.edu/cgi-bin/nph-bib_query?bibcode=1995PhDT........14P&db_key=AST},
  adsnote = {Provided by the Smithsonian/NASA Astrophysics Data System}
}

@ARTICLE{gammie1996,
   author = {{Gammie}, C.~F.},
    title = "{Layered Accretion in T Tauri Disks}",
  journal = apj,
     year = 1996,
    month = jan,
   volume = 457,
    pages = {355-+},
   adsurl = {http://ads.astro.puc.cl/cgi-bin/nph-bib_query?bibcode=1996ApJ...457..355G&amp;db_key=AST},
  adsnote = {Provided by the NASA Astrophysics Data System}
}

@ARTICLE{hawley1996,
   author = {{Hawley}, J.~F. and {Gammie}, C.~F. and {Balbus}, S.~A.},
    title = "{Local Three-dimensional Simulations of an Accretion Disk Hydromagnetic Dynamo}",
  journal = apj,
 keywords = {ACCRETION, ACCRETION DISKS, HYDRODYNAMICS, MAGNETOHYDRODYNAMICS: MHD, TURBULENCE},
     year = 1996,
    month = jun,
   volume = 464,
    pages = {690-+},
      doi = {10.1086/177356},
   adsurl = {http://adsabs.harvard.edu/abs/1996ApJ...464..690H},
  adsnote = {Provided by the SAO/NASA Astrophysics Data System}
}

@ARTICLE{laughlin1996,
   author = {{Laughlin}, G. and {Rozyczka}, M.},
    title = "{The Effect of Gravitational Instabilities on Protostellar Disks}",
  journal = {\apj},
 keywords = {HYDRODYNAMICS, INSTABILITIES, ACCRETION, ACCRETION DISKS, STARS: CIRCUMSTELLAR MATTER},
     year = 1996,
    month = jan,
   volume = 456,
    pages = {279-+},
      doi = {10.1086/176648},
   adsurl = {http://adsabs.harvard.edu/abs/1996ApJ...456..279L},
  adsnote = {Provided by the SAO/NASA Astrophysics Data System}
}

@ARTICLE{pickett1996,
   author = {{Pickett}, B.~K. and {Durisen}, R.~H. and {Davis}, G.~A.},
    title = "{The Dynamic Stability of Rotating Protostars and Protostellar Disks. I. The Effects of the Angular Momentum Distribution}",
  journal = apj,
     year = 1996,
    month = feb,
   volume = 458,
    pages = {714-+},
      doi = {10.1086/176852},
   adsurl = {http://adsabs.harvard.edu/cgi-bin/nph-bib_query?bibcode=1996ApJ...458..714P&db_key=AST},
  adsnote = {Provided by the Smithsonian/NASA Astrophysics Data System}
}

@ARTICLE{pollack1996,
   author = {{Pollack}, J.~B. and {Hubickyj}, O. and {Bodenheimer}, P. and 
	{Lissauer}, J.~J. and {Podolak}, M. and {Greenzweig}, Y.},
    title = "{Formation of the Giant Planets by Concurrent Accretion of Solids and Gas}",
  journal = {Icarus},
     year = 1996,
    month = nov,
   volume = 124,
    pages = {62-85},
   adsurl = {http://ads.astro.puc.cl/cgi-bin/nph-bib_query?bibcode=1996Icar..124...62P&amp;db_key=AST},
  adsnote = {Provided by the NASA Astrophysics Data System}
}

@ARTICLE{stone1996,
   author = {{Stone}, J.~M. and {Balbus}, S.~A.},
    title = "{Angular Momentum Transport in Accretion Disks via Convection}",
  journal = apj,
 keywords = {ACCRETION, ACCRETION DISKS, CONVECTION, HYDRODYNAMICS, INSTABILITIES},
     year = 1996,
    month = jun,
   volume = 464,
    pages = {364-+},
      doi = {10.1086/177328},
   adsurl = {http://adsabs.harvard.edu/abs/1996ApJ...464..364S},
  adsnote = {Provided by the SAO/NASA Astrophysics Data System}
}

@INPROCEEDINGS{balbus1997,
   author = {{Balbus}, S.~A. and {Hawley}, J.~F.},
    title = "{Instability, Turbulence, and Enhanced Transport in Accretion Disks}",
booktitle = {IAU Colloq. 163: Accretion Phenomena and Related Outflows},
     year = 1997,
   series = {Astronomical Society of the Pacific Conference Series},
   volume = 121,
   editor = "{D.~T.~Wickramasinghe, G.~V.~Bicknell, \& L.~Ferrario}",
    pages = {90-+},
   adsurl = {http://adsabs.harvard.edu/abs/1997ASPC..121...90B},
  adsnote = {Provided by the SAO/NASA Astrophysics Data System}
}

@ARTICLE{boss1997,
   author = {{Boss}, A.~P.},
    title = "{Giant planet formation by gravitational instability.}",
  journal = {Science},
     year = 1997,
   volume = 276,
    pages = {1836-1839},
   adsurl = {http://adsabs.harvard.edu/cgi-bin/nph-bib_query?bibcode=1997Sci...276.1836B&db_key=AST},
  adsnote = {Provided by the Smithsonian/NASA Astrophysics Data System}
}

@ARTICLE{laughlin1997,
   author = {{Laughlin}, G. and {Korchagin}, V. and {Adams}, F.~C.},
    title = "{Spiral Mode Saturation in Self-gravitating Disks}",
  journal = apj,
 keywords = {HYDRODYNAMICS, INSTABILITIES, SOLAR SYSTEM: FORMATION, STARS: CIRCUMSTELLAR MATTER, STARS: FORMATION},
     year = 1997,
    month = mar,
   volume = 477,
    pages = {410-+},
      doi = {10.1086/303682},
   adsurl = {http://adsabs.harvard.edu/abs/1997ApJ...477..410L},
  adsnote = {Provided by the SAO/NASA Astrophysics Data System}
}

@INPROCEEDINGS{sellwood1997,
   author = {{Sellwood}, J.~A.},
    title = "{Galaxy Dynamics by N-Body Simulation}",
booktitle = {ASP Conf. Ser. 123: Computational Astrophysics; 12th Kingston Meeting on Theoretical Astrophysics},
     year = 1997,
   editor = {{Clarke}, D.~A. and {West}, M.~J.},
    pages = {215-+},
   adsurl = {http://adsabs.harvard.edu/cgi-bin/nph-bib_query?bibcode=1997ASPC..123..215S&db_key=AST},
  adsnote = {Provided by the Smithsonian/NASA Astrophysics Data System}
}

@ARTICLE{ward1997,
   author = {{Ward}, W.~R.},
    title = "{Protoplanet Migration by Nebula Tides}",
  journal = {Icarus},
     year = 1997,
    month = apr,
   volume = 126,
    pages = {261-281},
      doi = {10.1006/icar.1996.5647},
   adsurl = {http://adsabs.harvard.edu/abs/1997Icar..126..261W},
  adsnote = {Provided by the SAO/NASA Astrophysics Data System}
}

@ARTICLE{balbus1998,
   author = {{Balbus}, S.~A. and {Hawley}, J.~F.},
    title = "{Instability, turbulence, and enhanced transport in accretion disks}",
  journal = {Reviews of Modern Physics},
     year = 1998,
    month = jan,
   volume = 70,
    pages = {1-53},
   adsurl = {http://ads.astro.puc.cl/cgi-bin/nph-bib_query?bibcode=1998RvMP...70....1B&amp;db_key=AST},
  adsnote = {Provided by the NASA Astrophysics Data System}
}

@ARTICLE{boss1998,
   author = {{Boss}, A.~P.},
    title = "{Astrometric signatures of giant-planet formation}",
  journal = {Nature},
     year = 1998,
    month = may,
   volume = 393,
    pages = {141-143},
      doi = {10.1038/30177},
   adsurl = {http://adsabs.harvard.edu/abs/1998Natur.393..141B},
  adsnote = {Provided by the SAO/NASA Astrophysics Data System}
}

@ARTICLE{boss1998b,
   author = {{Boss}, A.~P.},
    title = "{Evolution of the Solar Nebula. IV. Giant Gaseous Protoplanet Formation}",
  journal = apj,
 keywords = {ACCRETION, ACCRETION DISKS, HYDRODYNAMICS, SOLAR SYSTEM: FORMATION, STARS: PLANETARY SYSTEMS},
     year = 1998,
    month = aug,
   volume = 503,
    pages = {923-+},
      doi = {10.1086/306036},
   adsurl = {http://adsabs.harvard.edu/abs/1998ApJ...503..923B},
  adsnote = {Provided by the SAO/NASA Astrophysics Data System}
}

@BOOK{hartmann1998,
   author = {{Hartmann}, L.},
    title = "{Accretion Processes in Star Formation}",
booktitle = {Accretion processes in star formation / Lee Hartmann.~Cambridge, UK ; New York : Cambridge University Press, 1998.~(Cambridge astrophysics series ; 32)  ISBN 0521435072.},
     year = 1998,
    month = jun,
   editor = {Hartmann, L.},
   adsurl = {http://adsabs.harvard.edu/abs/1998apsf.book.....H},
  adsnote = {Provided by the SAO/NASA Astrophysics Data System}
}

@ARTICLE{laughlin1998,
   author = {{Laughlin}, G. and {Korchagin}, V. and {Adams}, F.~C.},
    title = "{The Dynamics of Heavy Gaseous Disks}",
  journal = apj,
 keywords = {ACCRETION, ACCRETION DISKS, STARS: CIRCUMSTELLAR MATTER, HYDRODYNAMICS, INSTABILITIES, STARS: FORMATION},
     year = 1998,
    month = sep,
   volume = 504,
    pages = {945-+},
      doi = {10.1086/306117},
   adsurl = {http://adsabs.harvard.edu/abs/1998ApJ...504..945L},
  adsnote = {Provided by the SAO/NASA Astrophysics Data System}
}

@ARTICLE{nelson1998,
   author = {{Nelson}, A.~F. and {Benz}, W. and {Adams}, F.~C. and {Arnett}, D.
	},
    title = "{Dynamics of Circumstellar Disks}",
  journal = apj,
   eprint = {arXiv:astro-ph/9802191},
 keywords = {STARS: FORMATION, ACCRETION, ACCRETION DISKS, HYDRODYNAMICS, STARS: CIRCUMSTELLAR MATTER, METHODS: NUMERICAL, STARS: PRE-MAIN-SEQUENCE},
     year = 1998,
    month = jul,
   volume = 502,
    pages = {342-+},
      doi = {10.1086/305869},
   adsurl = {http://adsabs.harvard.edu/abs/1998ApJ...502..342N},
  adsnote = {Provided by the SAO/NASA Astrophysics Data System}
}

@ARTICLE{pickett1998,
   author = {{Pickett}, B.~K. and {Cassen}, P. and {Durisen}, R.~H. and {Link}, R.
	},
    title = "{The Effects of Thermal Energetics on Three-dimensional Hydrodynamic Instabilities in Massive Protostellar Disks}",
  journal = apj,
     year = 1998,
    month = sep,
   volume = 504,
    pages = {468-+},
      doi = {10.1086/306059},
   adsurl = {http://adsabs.harvard.edu/cgi-bin/nph-bib_query?bibcode=1998ApJ...504..468P&db_key=AST},
  adsnote = {Provided by the Smithsonian/NASA Astrophysics Data System}
}

@ARTICLE{balbus1999,
   author = {{Balbus}, S.~A. and {Papaloizou}, J.~C.~B.},
    title = "{On the Dynamical Foundations of alpha Disks}",
  journal = apj,
   eprint = {arXiv:astro-ph/9903035},
 keywords = {ACCRETION, ACCRETION DISKS, HYDRODYNAMICS, INSTABILITIES, TURBULENCE},
     year = 1999,
    month = aug,
   volume = 521,
    pages = {650-658},
      doi = {10.1086/307594},
   adsurl = {http://adsabs.harvard.edu/abs/1999ApJ...521..650B},
  adsnote = {Provided by the SAO/NASA Astrophysics Data System}
}

@ARTICLE{fuente1999,
   author = {{Fuente}, A. and {Mart{\'{\i}}n-Pintado}, J. and {Rodr{\'{\i}}guez-Fern{\'a}ndez}, N.~J. and 
	{Rodr{\'{\i}}guez-Franco}, A. and {de Vicente}, P. and {Kunze}, D.
	},
    title = "{Infrared Space Observatory Observations toward the Reflection Nebula NGC 7023: A Nonequilibrium Ortho-to-Para-H\_2 Ratio}",
  journal = apjl,
   eprint = {arXiv:astro-ph/9904136},
 keywords = {INFRARED: ISM: LINES AND BANDS, ISM: ABUNDANCES, ISM: INDIVIDUAL: NGC NUMBER: NGC 7023, ISM: REFLECTION NEBULAE, STARS: INDIVIDUAL: HENRY DRAPER NUMBER: HD 200775, STARS: PRE-MAIN-SEQUENCE},
     year = 1999,
    month = jun,
   volume = 518,
    pages = {L45-L48},
      doi = {10.1086/312063},
   adsurl = {http://adsabs.harvard.edu/abs/1999ApJ...518L..45F},
  adsnote = {Provided by the SAO/NASA Astrophysics Data System}
}

@ARTICLE{korycansky1999,
   author = {{Korycansky}, D.~G.},
    title = "{Astrophysical applications of a boundary integral method for fluid dynamics}",
  journal = mnras,
 keywords = {HYDRODYNAMICS, METHODS: NUMERICAL},
     year = 1999,
    month = nov,
   volume = 310,
    pages = {110-116},
      doi = {10.1046/j.1365-8711.1999.02950.x},
   adsurl = {http://adsabs.harvard.edu/abs/1999MNRAS.310..110K},
  adsnote = {Provided by the SAO/NASA Astrophysics Data System}
}

@ARTICLE{padgett1999,
   author = {{Padgett}, D.~L. and {Brandner}, W. and {Stapelfeldt}, K.~R. and 
	{Strom}, S.~E. and {Terebey}, S. and {Koerner}, D.},
    title = "{HUBBLE SPACE TELESCOPE/NICMOS Imaging of Disks and Envelopes around Very Young Stars}",
  journal = aj,
   eprint = {arXiv:astro-ph/9902101},
 keywords = {STARS: CIRCUMSTELLAR MATTER, ISM: JETS AND OUTFLOWS, STARS: PRE-MAIN-SEQUENCE},
     year = 1999,
    month = mar,
   volume = 117,
    pages = {1490-1504},
      doi = {10.1086/300781},
   adsurl = {http://adsabs.harvard.edu/abs/1999AJ....117.1490P},
  adsnote = {Provided by the SAO/NASA Astrophysics Data System}
}

@ARTICLE{sternberg1999,
   author = {{Sternberg}, A. and {Neufeld}, D.~A.},
    title = "{The Ratio of Ortho- to Para-H\_2 in Photodissociation Regions}",
  journal = apj,
   eprint = {arXiv:astro-ph/9812049},
 keywords = {LINE: FORMATION, MOLECULAR PROCESSES, RADIATIVE TRANSFER},
     year = 1999,
    month = may,
   volume = 516,
    pages = {371-380},
      doi = {10.1086/307115},
   adsurl = {http://adsabs.harvard.edu/abs/1999ApJ...516..371S},
  adsnote = {Provided by the SAO/NASA Astrophysics Data System}
}

@ARTICLE{yorke1999,
   author = {{Yorke}, H.~W. and {Bodenheimer}, P.},
    title = "{The Formation of Protostellar Disks. III. The Influence of Gravitationally Induced Angular Momentum Transport on Disk Structure and Appearance}",
  journal = apj,
 keywords = {HYDRODYNAMICS, ISM: CLOUDS, RADIATIVE TRANSFER, STARS: FORMATION},
     year = 1999,
    month = nov,
   volume = 525,
    pages = {330-342},
      doi = {10.1086/307867},
   adsurl = {http://adsabs.harvard.edu/abs/1999ApJ...525..330Y},
  adsnote = {Provided by the SAO/NASA Astrophysics Data System}
}

@ARTICLE{boss2000,
   author = {{Boss}, A.~P.},
    title = "{Possible Rapid Gas Giant Planet Formation in the Solar Nebula and Other Protoplanetary Disks}",
  journal = apj,
     year = 2000,
    month = jun,
   volume = 536,
    pages = {L101-L104},
   adsurl = {http://ads.astro.puc.cl/cgi-bin/nph-bib_query?bibcode=2000ApJ...536L.101B&amp;db_key=AST},
  adsnote = {Provided by the NASA Astrophysics Data System}
}

@ARTICLE{imamura2000,
   author = {{Imamura}, J.~N. and {Durisen}, R.~H. and {Pickett}, B.~K.},
    title = "{Nonaxisymmetric Dynamic Instabilities of Rotating Polytropes. II. Torques, Bars, and Mode Saturation with Applications to Protostars and Fizzlers}",
  journal = apj,
 keywords = {BLACK HOLE PHYSICS, STARS: BINARIES: GENERAL, HYDRODYNAMICS, INSTABILITIES, STARS: FORMATION, STARS: ROTATION},
     year = 2000,
    month = jan,
   volume = 528,
    pages = {946-964},
      doi = {10.1086/308199},
   adsurl = {http://adsabs.harvard.edu/abs/2000ApJ...528..946I},
  adsnote = {Provided by the SAO/NASA Astrophysics Data System}
}


@ARTICLE{nelson2000b,
   author = {{Nelson}, R.~P. and {Papaloizou}, J.~C.~B. and {Masset}, F. and 
	{Kley}, W.},
    title = "{The migration and growth of protoplanets in protostellar discs}",
  journal = mnras,
   eprint = {arXiv:astro-ph/9909486},
     year = 2000,
    month = oct,
   volume = 318,
    pages = {18-36},
   adsurl = {http://adsabs.harvard.edu/abs/2000MNRAS.318...18N},
  adsnote = {Provided by the SAO/NASA Astrophysics Data System}
}

@ARTICLE{nelson2000a,
   author = {{Nelson}, A.~F. and {Benz}, W. and {Ruzmaikina}, T.~V.},
    title = "{Dynamics of Circumstellar Disks. II. Heating and Cooling}",
  journal = apj,
     year = 2000,
    month = jan,
   volume = 529,
    pages = {357-390},
      doi = {10.1086/308238},
   adsurl = {http://adsabs.harvard.edu/cgi-bin/nph-bib_query?bibcode=2000ApJ...529..357N&db_key=AST},
  adsnote = {Provided by the Smithsonian/NASA Astrophysics Data System}
}

@ARTICLE{pickett2000,
   author = {{Pickett}, B.~K. and {Cassen}, P. and {Durisen}, R.~H. and {Link}, R.},
    title = "{The Effects of Thermal Energetics on Three-dimensional Hydrodynamic Instabilities in Massive Protostellar Disks. II. High-Resolution and Adiabatic Evolutions}",
  journal = apj,
     year = 2000,
    month = feb,
   volume = 529,
    pages = {1034-1053},
      doi = {10.1086/308301},
   adsurl = {http://adsabs.harvard.edu/cgi-bin/nph-bib_query?bibcode=2000ApJ...529.1034P&db_key=AST},
  adsnote = {Provided by the Smithsonian/NASA Astrophysics Data System}
}

@ARTICLE{armitage2001,
   author = {{Armitage}, P.~J. and {Livio}, M. and {Pringle}, J.~E.},
    title = "{Episodic accretion in magnetically layered protoplanetary discs}",
  journal = mnras,
     year = 2001,
    month = jun,
   volume = 324,
    pages = {705-711},
   adsurl = {http://ads.astro.puc.cl/cgi-bin/nph-bib_query?bibcode=2001MNRAS.324..705A&amp;db_key=AST},
  adsnote = {Provided by the NASA Astrophysics Data System}
}

@ARTICLE{boss2001,
   author = {{Boss}, A.~P.},
    title = "{Gas Giant Protoplanet Formation: Disk Instability Models with Thermodynamics and Radiative Transfer}",
  journal = apj,
     year = 2001,
    month = dec,
   volume = 563,
    pages = {367-373},
   adsurl = {http://ads.astro.puc.cl/cgi-bin/nph-bib_query?bibcode=2001ApJ...563..367B&amp;db_key=AST},
  adsnote = {Provided by the NASA Astrophysics Data System}
}

@INPROCEEDINGS{brunst2001,
   author = {{Brunst}, H. and {Winkler}, M. and {Nagel}, W.~E. and {Hoppe}, H.~C.},
   title = "{Performance optimization for large scale computing: The scalable vampir approach}",
   booktitle = {International Conference on Computational Science -- ICCS 2001},
   year = 2001,
   pages = {751-760}
}

@ARTICLE{gammie2001,
   author = {{Gammie}, C.~F.},
    title = "{Nonlinear Outcome of Gravitational Instability in Cooling, Gaseous Disks}",
  journal = apj,
   eprint = {astro-ph/0101501},
     year = 2001,
    month = may,
   volume = 553,
    pages = {174-183},
      doi = {10.1086/320631},
   adsurl = {http://adsabs.harvard.edu/cgi-bin/nph-bib_query?bibcode=2001ApJ...553..174G&db_key=AST},
  adsnote = {Provided by the Smithsonian/NASA Astrophysics Data System}
}

@ARTICLE{haisch2001,
   author = {{Haisch}, Jr., K.~E. and {Lada}, E.~A. and {Lada}, C.~J.},
    title = "{Disk Frequencies and Lifetimes in Young Clusters}",
  journal = apjl,
   eprint = {2001astro.ph..4347H},
     year = 2001,
    month = jun,
   volume = 553,
    pages = {L153-L156},
      doi = {10.1086/320685},
   adsurl = {http://adsabs.harvard.edu/cgi-bin/nph-bib_query?bibcode=2001ApJ...553L.153H&db_key=AST},
  adsnote = {Provided by the Smithsonian/NASA Astrophysics Data System}
}

@ARTICLE{jayaward2001,
   author = {{Jayawardhana}, R. and {Hartmann}, L. and {Calvet}, N.},
    title = "{Infall Models of Class 0 Protostars}",
  journal = apj,
   eprint = {arXiv:astro-ph/0010051},
 keywords = {ISM: Clouds, Radiative Transfer, Stars: Formation, Stars: Pre-Main-Sequence},
     year = 2001,
    month = feb,
   volume = 548,
    pages = {310-317},
      doi = {10.1086/318650},
   adsurl = {http://adsabs.harvard.edu/abs/2001ApJ...548..310J},
  adsnote = {Provided by the SAO/NASA Astrophysics Data System}
}

@ARTICLE{boss2002,
   author = {{Boss}, A.~P.},
    title = "{Evolution of the Solar Nebula. V. Disk Instabilities with Varied Thermodynamics}",
  journal = apj,
 keywords = {Accretion, Accretion Disks, Hydrodynamics, Stars: Planetary Systems, Stars: Planetary Systems: Formation, Solar System: Formation},
     year = 2002,
    month = sep,
   volume = 576,
    pages = {462-472},
      doi = {10.1086/341736},
   adsurl = {http://adsabs.harvard.edu/abs/2002ApJ...576..462B},
  adsnote = {Provided by the SAO/NASA Astrophysics Data System}
}

@ARTICLE{mayer2002,
   author = {{Mayer}, L. and {Quinn}, T. and {Wadsley}, J. and {Stadel}, J.
	},
    title = "{Formation of Giant Planets by Fragmentation of Protoplanetary Disks}",
  journal = {Science},
   eprint = {astro-ph/0301088},
     year = 2002,
    month = nov,
   volume = 298,
    pages = {1756-1759},
      doi = {10.1126/science.1077635},
   adsurl = {http://adsabs.harvard.edu/cgi-bin/nph-bib_query?bibcode=2002Sci...298.1756M&db_key=AST},
  adsnote = {Provided by the Smithsonian/NASA Astrophysics Data System}
}

@ARTICLE{tanaka2002,
   author = {{Tanaka}, H. and {Takeuchi}, T. and {Ward}, W.~R.},
    title = "{Three-Dimensional Interaction between a Planet and an Isothermal Gaseous Disk. I. Corotation and Lindblad Torques and Planet Migration}",
  journal = apj,
 keywords = {Stars: Planetary Systems: Formation, Stars: Planetary Systems: Protoplanetary Disks, Solar System: Formation, Waves},
     year = 2002,
    month = feb,
   volume = 565,
    pages = {1257-1274},
      doi = {10.1086/324713},
   adsurl = {http://adsabs.harvard.edu/abs/2002ApJ...565.1257T},
  adsnote = {Provided by the SAO/NASA Astrophysics Data System}
}

@ARTICLE{youdin2002,
   author = {{Youdin}, A.~N. and {Shu}, F.~H.},
    title = "{Planetesimal Formation by Gravitational Instability}",
  journal = apj,
   eprint = {astro-ph/0207536},
     year = 2002,
    month = nov,
   volume = 580,
    pages = {494-505},
      doi = {10.1086/343109},
   adsurl = {http://adsabs.harvard.edu/cgi-bin/nph-bib_query?bibcode=2002ApJ...580..494Y&db_key=AST},
  adsnote = {Provided by the Smithsonian/NASA Astrophysics Data System}
}

@ARTICLE{boss2003,
   author = {{Boss}, A.~P.},
    title = "{Rapid Formation of Outer Giant Planets by Disk Instability}",
  journal = apj,
     year = 2003,
    month = dec,
   volume = 599,
    pages = {577-581},
      doi = {10.1086/379163},
   adsurl = {http://adsabs.harvard.edu/cgi-bin/nph-bib_query?bibcode=2003ApJ...599..577B&db_key=AST},
  adsnote = {Provided by the Smithsonian/NASA Astrophysics Data System}
}

@ARTICLE{dangelo2003,
   author = {{D'Angelo}, G. and {Kley}, W. and {Henning}, T.},
    title = "{Orbital Migration and Mass Accretion of Protoplanets in Three-dimensional Global Computations with Nested Grids}",
  journal = apj,
   eprint = {arXiv:astro-ph/0308055},
 keywords = {Accretion, Accretion Disks, Hydrodynamics, Methods: Numerical, Stars: Planetary Systems: Formation},
     year = 2003,
    month = mar,
   volume = 586,
    pages = {540-561},
      doi = {10.1086/367555},
   adsurl = {http://adsabs.harvard.edu/abs/2003ApJ...586..540D},
  adsnote = {Provided by the SAO/NASA Astrophysics Data System}
}

@ARTICLE{durisen2003,
   author = {{Durisen}, R.~H. and {a}, A.~C. and {Pickett}, B.~K.},
    title = "{Gravitational Instabilities in Protostellar and Protoplanetary Disks}",
  journal = {Recent Research Development in Applied Physics},
     year = 2003,
   volume = 1,
    pages = {173-201},
   adsurl = {http://ads.astro.puc.cl/cgi-bin/nph-bib_query?bibcode=2003RRDAp...1..173D&amp;db_key=AST},
  adsnote = {Provided by the NASA Astrophysics Data System}
}

@ARTICLE{hag2003a,
   author = {{Haghighipour}, N. and {Boss}, A.~P.},
    title = "{On Pressure Gradients and Rapid Migration of Solids in a Nonuniform Solar Nebula}",
  journal = apj,
     year = {2003a},
    month = feb,
   volume = 583,
    pages = {996-1003},
   adsurl = {http://ads.astro.puc.cl/cgi-bin/nph-bib_query?bibcode=2003ApJ...583..996H&amp;db_key=AST},
  adsnote = {Provided by the NASA Astrophysics Data System}
}

@ARTICLE{hag2003b,
   author = {{Haghighipour}, N. and {Boss}, A.~P.},
    title = "{On Gas Drag-Induced Rapid Migration of Solids in a Nonuniform Solar Nebula}",
  journal = apj,
     year = {2003b},
    month = dec,
   volume = 598,
    pages = {1301-1311},
   adsurl = {http://ads.astro.puc.cl/cgi-bin/nph-bib_query?bibcode=2003ApJ...598.1301H&amp;db_key=AST},
  adsnote = {Provided by the NASA Astrophysics Data System}
}

@ARTICLE{johnson2003,
   author = {{Johnson}, B.~M. and {Gammie}, C.~F.},
    title = "{Nonlinear Outcome of Gravitational Instability in Disks with Realistic Cooling}",
  journal = apj,
   eprint = {arXiv:astro-ph/0312507},
 keywords = {Accretion, Accretion Disks, Galaxies: Nuclei, Solar System: Formation},
     year = 2003,
    month = nov,
   volume = 597,
    pages = {131-141},
      doi = {10.1086/378392},
   adsurl = {http://adsabs.harvard.edu/abs/2003ApJ...597..131J},
  adsnote = {Provided by the SAO/NASA Astrophysics Data System}
}

@INPROCEEDINGS{marcy2003,
   author = {{Marcy}, G.~W. and {Butler}, R.~P. and {Fischer}, D.~A. and 
	{Vogt}, S.~S.},
    title = "{Properties of Extrasolar Planets}",
booktitle = {ASP Conf. Ser. 294: Scientific Frontiers in Research on Extrasolar Planets},
     year = 2003,
    pages = {1-58381},
   adsurl = {http://ads.astro.puc.cl/cgi-bin/nph-bib_query?bibcode=2003sfre.conf....1M&amp;db_key=AST},
  adsnote = {Provided by the NASA Astrophysics Data System}
}

@ARTICLE{masset2003,
   author = {{Masset}, F.~S. and {Papaloizou}, J.~C.~B.},
    title = "{Runaway Migration and the Formation of Hot Jupiters}",
  journal = apj,
   eprint = {arXiv:astro-ph/0301171},
 keywords = {Accretion, Accretion Disks, Hydrodynamics, Methods: Numerical, Stars: Planetary Systems: Formation, Stars: Planetary Systems: Protoplanetary Disks},
     year = 2003,
    month = may,
   volume = 588,
    pages = {494-508},
      doi = {10.1086/373892},
   adsurl = {http://adsabs.harvard.edu/abs/2003ApJ...588..494M},
  adsnote = {Provided by the SAO/NASA Astrophysics Data System}
}

@INPROCEEDINGS{mejia2003,
   author = {{Mej{\'{\i}}a}, A.~C. and {Durisen}, R.~H. and {Pickett}, B.~K.},
    title = "{Gravitational Instabilities in Disks with Radiative Cooling}",
booktitle = {ASP Conf. Ser. 294: Scientific Frontiers in Research on Extrasolar Planets},
     year = 2003,
    pages = {287-290},
   adsurl = {http://ads.astro.puc.cl/cgi-bin/nph-bib_query?bibcode=2003sfre.conf..287M&amp;db_key=AST},
  adsnote = {Provided by the NASA Astrophysics Data System}
}

@ARTICLE{nelson2003,
   author = {{Nelson}, R.~P. and {Papaloizou}, J.~C.~B.},
    title = "{The interaction of a giant planet with a disc with MHD turbulence - II. The interaction of the planet with the disc}",
  journal = mnras,
   eprint = {arXiv:astro-ph/0211495},
 keywords = {accretion, accretion discs, instabilities, MHD, turbulence, planetary systems: formation, planetary systems: protoplanetary discs},
     year = 2003,
    month = mar,
   volume = 339,
    pages = {993-1005},
      doi = {10.1046/j.1365-8711.2003.06247.x},
   adsurl = {http://adsabs.harvard.edu/abs/2003MNRAS.339..993N},
  adsnote = {Provided by the SAO/NASA Astrophysics Data System}
}

@ARTICLE{osorio2003,
   author = {{Osorio}, M. and {D'Alessio}, P. and {Muzerolle}, J. and {Calvet}, N. and 
	{Hartmann}, L.},
    title = "{A Comprehensive Study of the L1551 IRS 5 Binary System}",
  journal = {\apj},
   eprint = {arXiv:astro-ph/0212074},
 keywords = {Stars: Binaries: General, Stars: Circumstellar Matter, Stars: Formation, Stars: Individual: Alphanumeric: L1551 IRS 5, Stars: Pre-Main-Sequence},
     year = 2003,
    month = apr,
   volume = 586,
    pages = {1148-1161},
      doi = {10.1086/367695},
   adsurl = {http://adsabs.harvard.edu/abs/2003ApJ...586.1148O},
  adsnote = {Provided by the SAO/NASA Astrophysics Data System}
}

@ARTICLE{pickett2003,
   author = {{Pickett}, B.~K. and {Mej{\'{\i}}a}, A.~C. and {Durisen}, R.~H. and 
	{Cassen}, P.~M. and {Berry}, D.~K. and {Link}, R.~P.},
    title = "{The Thermal Regulation of Gravitational Instabilities in Protoplanetary Disks}",
  journal = apj,
     year = 2003,
    month = jun,
   volume = 590,
    pages = {1060-1080},
   adsurl = {http://ads.astro.puc.cl/cgi-bin/nph-bib_query?bibcode=2003ApJ...590.1060P&amp;db_key=AST},
  adsnote = {Provided by the NASA Astrophysics Data System}
}

@ARTICLE{rice2003a,
   author = {{Rice}, W.~K.~M. and {Armitage}, P.~J. and {Bate}, M.~R. and 
	{Bonnell}, I.~A.},
    title = "{Astrometric signatures of self-gravitating protoplanetary discs}",
  journal = mnras,
   eprint = {arXiv:astro-ph/0209150},
     year = 2003,
    month = jan,
   volume = 338,
    pages = {227-232},
      doi = {10.1046/j.1365-8711.2003.06046.x},
   adsurl = {http://adsabs.harvard.edu/abs/2003MNRAS.338..227R},
  adsnote = {Provided by the SAO/NASA Astrophysics Data System}
}

@ARTICLE{rice2003b,
   author = {{Rice}, W.~K.~M. and {Armitage}, P.~J. and {Bate}, M.~R. and 
	{Bonnell}, I.~A.},
    title = "{The effect of cooling on the global stability of self-gravitating protoplanetary discs}",
  journal = mnras,
   eprint = {astro-ph/0211088},
     year = 2003,
    month = mar,
   volume = 339,
    pages = {1025-1030},
      doi = {10.1046/j.1365-8711.2003.06253.x},
   adsurl = {http://adsabs.harvard.edu/cgi-bin/nph-bib_query?bibcode=2003MNRAS.339.1025R&db_key=AST},
  adsnote = {Provided by the Smithsonian/NASA Astrophysics Data System}
}

@ARTICLE{chen2004,
   author = {{Chen}, C.~H. and {Kamp}, I.},
    title = "{Are Giant Planets Forming around HR 4796A?}",
  journal = apj,
   eprint = {2003astro.ph.11061C},
     year = 2004,
    month = feb,
   volume = 602,
    pages = {985-992},
      doi = {10.1086/381243},
   adsurl = {http://adsabs.harvard.edu/cgi-bin/nph-bib_query?bibcode=2004ApJ...602..985C&db_key=AST},
  adsnote = {Provided by the Smithsonian/NASA Astrophysics Data System}
}

@ARTICLE{desch2004,
   author = {{Desch}, S.~J.},
    title = "{Linear Analysis of the Magnetorotational Instability, Including Ambipolar Diffusion, with Application to Protoplanetary Disks}",
  journal = apj,
     year = 2004,
    month = jun,
   volume = 608,
    pages = {509-525},
   adsurl = {http://ads.astro.puc.cl/cgi-bin/nph-bib_query?bibcode=2004ApJ...608..509D&amp;db_key=AST},
  adsnote = {Provided by the NASA Astrophysics Data System}
}

@ARTICLE{forrest2004,
   author = {{Forrest}, W.~J. and {Sargent}, B. and {Furlan}, E. and {Chen}, C.~H. and 
	{Kemper}, F. and {Calvet}, N. and {Hartmann}, L. and {Uchida}, K.~I. and 
	{Watson}, D.~M. and {Green}, J.~D. and {Keller}, L.~D. and {Sloan}, G.~C. and 
	{Herter}, T.~L. and {Brandl}, B.~R. and {Houck}, J.~R. and {Barry}, D.~J. and 
	{Hall}, P. and {Morris}, P.~W. and {Najita}, J. and {Myers}, P.~C. and 
	{D'Alessio}, P. and {Jura}, M.},
    title = "{Mid-infrared spectroscopy of disks around classical T Tauri stars}",
  journal = {American Astronomical Society Meeting},
     year = 2004,
    month = may,
   volume = 204,
    pages = {-+},
   adsurl = {http://ads.astro.puc.cl/cgi-bin/nph-bib_query?bibcode=2004AAS...204.4110F&amp;db_key=AST},
  adsnote = {Provided by the NASA Astrophysics Data System}
}

@ARTICLE{lekien2004,
   author = {{Lekien}, F. and {Coulliette}, C. and {Bank}, R. and {Marsden}, J.},
    title = "{Open-boundary modal analysis: Interpolation, extrapolation, and filtering}",
  journal = {Journal of Geophysical Research (Oceans)},
     year = 2004,
    month = dec,
   volume = 109,
    pages = {12004-+},
      doi = {10.1029/2004JC002323},
   adsurl = {http://adsabs.harvard.edu/cgi-bin/nph-bib_query?bibcode=2004JGRC..10912004L&db_key=PHY},
  adsnote = {Provided by the Smithsonian/NASA Astrophysics Data System}
}

@ARTICLE{lodato2004,
   author = {{Lodato}, G. and {Rice}, W.~K.~M.},
    title = "{Testing the locality of transport in self-gravitating accretion discs}",
  journal = mnras,
     year = 2004,
    month = jun,
   volume = 351,
    pages = {630-642},
      doi = {10.1111/j.1365-2966.2004.07811.x},
   adsurl = {http://adsabs.harvard.edu/cgi-bin/nph-bib_query?bibcode=2004MNRAS.351..630L&db_key=AST},
  adsnote = {Provided by the Smithsonian/NASA Astrophysics Data System}
}

@ARTICLE{mayer2004,
   author = {{Mayer}, L. and {Quinn}, T. and {Wadsley}, J. and {Stadel}, J.
	},
    title = "{The Evolution of Gravitationally Unstable Protoplanetary Disks: Fragmentation and Possible Giant Planet Formation}",
  journal = apj,
     year = 2004,
    month = jul,
   volume = 609,
    pages = {1045-1064},
      doi = {10.1086/421288},
   adsurl = {http://adsabs.harvard.edu/cgi-bin/nph-bib_query?bibcode=2004ApJ...609.1045M&db_key=AST},
  adsnote = {Provided by the Smithsonian/NASA Astrophysics Data System}
}

@PHDTHESIS{mejiaphd2004,
   author = {{Mej{\'{\i}}a}, A.~C.},
   title = "{The thermal regulation of gravitational instabilities in disks around young stars}",
   journal = {Ph.D.~Thesis},
   school = {Indiana University},
   year = 2004,
    month = nov,
   adsurl = {http://adsabs.harvard.edu/cgi-bin/nph-bib_query?bibcode=2004PhDT.........8M&db_key=AST},
  adsnote = {Provided by the Smithsonian/NASA Astrophysics Data System}
}

@ARTICLE{nelson2004,
   author = {{Nelson}, R.~P. and {Papaloizou}, J.~C.~B.},
    title = "{The interaction of giant planets with a disc with MHD turbulence - IV. Migration rates of embedded protoplanets}",
  journal = mnras,
   eprint = {arXiv:astro-ph/0308360},
 keywords = {accretion, accretion discs, instabilities, MHD, turbulence, planetary systems: formation, planetary systems: protoplanetary discs},
     year = 2004,
    month = may,
   volume = 350,
    pages = {849-864},
      doi = {10.1111/j.1365-2966.2004.07406.x},
   adsurl = {http://adsabs.harvard.edu/abs/2004MNRAS.350..849N},
  adsnote = {Provided by the SAO/NASA Astrophysics Data System}
}

@ARTICLE{rice2004,
   author = {{Rice}, W.~K.~M. and {Lodato}, G. and {Pringle}, J.~E. and {Armitage}, P.~J. and 
	{Bonnell}, I.~A.},
    title = "{Accelerated planetesimal growth in self-gravitating protoplanetary discs}",
  journal = mnras,
   eprint = {astro-ph/0408390},
     year = 2004,
    month = dec,
   volume = 355,
    pages = {543-552},
   adsurl = {http://adsabs.harvard.edu/cgi-bin/nph-bib_query?bibcode=2004MNRAS.355..543R&db_key=AST},
  adsnote = {Provided by the Smithsonian/NASA Astrophysics Data System}
}

@ARTICLE{saumon2004,
   author = {{Saumon}, D. and {Guillot}, T.},
    title = "{Shock Compression of Deuterium and the Interiors of Jupiter and Saturn}",
  journal = apj,
   eprint = {astro-ph/0403393},
     year = 2004,
    month = jul,
   volume = 609,
    pages = {1170-1180},
   adsurl = {http://adsabs.harvard.edu/cgi-bin/nph-bib_query?bibcode=2004ApJ...609.1170S&db_key=AST},
  adsnote = {Provided by the Smithsonian/NASA Astrophysics Data System}
}

@INPROCEEDINGS{boley2005,
   author = {{Boley}, A.~C. and {Durisen}, R.~H. and {Pickett}, M.~K.},
    title = "{The Three-Dimensionality of Spiral Shocks: Did Chondrules Catch a Breaking Wave?}",
booktitle = {ASP Conf. Ser. 341: Chondrites and the Protoplanetary Disk},
     year = 2005,
   editor = {{Krot}, A.~N. and {Scott}, E.~R.~D. and {Reipurth}, B.},
    month = dec,
    pages = {839-+},
   adsurl = {http://adsabs.harvard.edu/cgi-bin/nph-bib_query?bibcode=2005ASPC..341..839B&db_key=AST},
  adsnote = {Provided by the Smithsonian/NASA Astrophysics Data System}
}

@ARTICLE{boss2005,
   author = {{Boss}, A.~P.},
    title = "{Evolution of the Solar Nebula. VII. Formation and Survival of Protoplanets Formed by Disk Instability}",
  journal = apj,
     year = 2005,
    month = aug,
   volume = 629,
    pages = {535-548},
      doi = {10.1086/431457},
   adsurl = {http://adsabs.harvard.edu/cgi-bin/nph-bib_query?bibcode=2005ApJ...629..535B&db_key=AST},
  adsnote = {Provided by the Smithsonian/NASA Astrophysics Data System}
}

@ARTICLE{dalessio2005,
   author = {{D'Alessio}, P. and {Hartmann}, L. and {Calvet}, N. and {Franco-Hern{\'a}ndez}, R. and 
	{Forrest}, W.~J. and {Sargent}, B. and {Furlan}, E. and {Uchida}, K. and 
	{Green}, J.~D. and {Watson}, D.~M. and {Chen}, C.~H. and {Kemper}, F. and 
	{Sloan}, G.~C. and {Najita}, J.},
    title = "{The Truncated Disk of CoKu Tau/4}",
  journal = apj,
   eprint = {2004astro.ph.11522D},
     year = 2005,
    month = mar,
   volume = 621,
    pages = {461-472},
      doi = {10.1086/427490},
   adsurl = {http://adsabs.harvard.edu/cgi-bin/nph-bib_query?bibcode=2005ApJ...621..461D&db_key=AST},
  adsnote = {Provided by the Smithsonian/NASA Astrophysics Data System}
}

@ARTICLE{durisen2005,
   author = {{Durisen}, R.~H. and {Cai}, K. and {Mej{\'{\i}}a}, A.~C. and 
	{Pickett}, M.~K.},
    title = "{A hybrid scenario for gas giant planet formation in rings}",
  journal = {Icarus},
     year = 2005,
    month = feb,
   volume = 173,
    pages = {417-424},
   adsurl = {http://adsabs.harvard.edu/cgi-bin/nph-bib_query?bibcode=2005Icar..173..417D&db_key=AST},
  adsnote = {Provided by the Smithsonian/NASA Astrophysics Data System}
}

@ARTICLE{hub2005,
   author = {{Hubickyj}, O. and {Bodenheimer}, P. and {Lissauer}, J.~J.},
    title = "{Accretion of the gaseous envelope of Jupiter around a 5 10 Earth-mass core}",
  journal = {Icarus},
     year = 2005,
    month = dec,
   volume = 179,
    pages = {415-431},
      doi = {10.1016/j.icarus.2005.06.021},
   adsurl = {http://adsabs.harvard.edu/cgi-bin/nph-bib_query?bibcode=2005Icar..179..415H&db_key=AST},
  adsnote = {Provided by the Smithsonian/NASA Astrophysics Data System}
}

@ARTICLE{lekien2005,
   author = {{Lekien}, F. and {Marsden}, J.},
    title = "{Tricubic Interpolation in Three Dimensions}",
  journal = {International Journal for Numerical Methods in Engineering},
     year = 2005,
    month = "",
   volume = 63,
    pages = {455-471},
   adsurl = {http://adsabs.harvard.edu/cgi-bin/nph-bib_query?bibcode=2005PhyD..210....1L&db_key=PHY},
  adsnote = {Provided by the Smithsonian/NASA Astrophysics Data System}
}

@ARTICLE{lodato2005,
   author = {{Lodato}, G. and {Rice}, W.~K.~M.},
    title = "{Testing the locality of transport in self-gravitating accretion discs - II. The massive disc case}",
  journal = mnras,
   eprint = {arXiv:astro-ph/0501638},
 keywords = {accretion, accretion discs, gravitation, instabilities, stars: formation, galaxies: active, galaxies: spiral},
     year = 2005,
    month = apr,
   volume = 358,
    pages = {1489-1500},
      doi = {10.1111/j.1365-2966.2005.08875.x},
   adsurl = {http://adsabs.harvard.edu/abs/2005MNRAS.358.1489L},
  adsnote = {Provided by the SAO/NASA Astrophysics Data System}
}


@ARTICLE{mejia2005,
   author = {{Mej{\'{\i}}a}, A.~C. and {Durisen}, R.~H. and {Pickett}, M.~K. and 
	{Cai}, K.},
    title = "{The Thermal Regulation of Gravitational Instabilities in Protoplanetary Disks. II. Extended Simulations with Varied Cooling Rates}",
  journal = apj,
   eprint = {astro-ph/0407037},
     year = 2005,
    month = feb,
   volume = 619,
    pages = {1098-1113},
      doi = {10.1086/426707},
   adsurl = {http://adsabs.harvard.edu/cgi-bin/nph-bib_query?bibcode=2005ApJ...619.1098M&db_key=AST},
  adsnote = {Provided by the Smithsonian/NASA Astrophysics Data System}
}

@ARTICLE{papa2005,
   author = {{Papaloizou}, J.~C.~B. and {Nelson}, R.~P.},
    title = "{Models of accreting gas giant protoplanets in protostellar disks}",
  journal = {A\&A},
   eprint = {2004astro.ph.12377P},
     year = 2005,
    month = apr,
   volume = 433,
    pages = {247-265},
      doi = {10.1051/0004-6361:20042029},
   adsurl = {http://adsabs.harvard.edu/cgi-bin/nph-bib_query?bibcode=2005A%26A...433..247P&db_key=AST},
  adsnote = {Provided by the Smithsonian/NASA Astrophysics Data System}
}

@ARTICLE{rafikov2005,
   author = {{Rafikov}, R.~R.},
    title = "{Can Giant Planets Form by Direct Gravitational Instability?}",
  journal = apjl,
   eprint = {astro-ph/0406469},
     year = 2005,
    month = mar,
   volume = 621,
    pages = {L69-L72},
      doi = {10.1086/428899},
   adsurl = {http://adsabs.harvard.edu/cgi-bin/nph-bib_query?bibcode=2005ApJ...621L..69R&db_key=AST},
  adsnote = {Provided by the Smithsonian/NASA Astrophysics Data System}
}

@ARTICLE{rice2005,
   author = {{Rice}, W.~K.~M. and {Lodato}, G. and {Armitage}, P.~J.},
    title = "{Investigating fragmentation conditions in self-gravitating accretion discs}",
  journal = mnras,
   eprint = {astro-ph/0509413},
     year = 2005,
    month = nov,
   volume = 364,
    pages = {L56-L60},
      doi = {10.1111/j.1745-3933.2005.00105.x},
   adsurl = {http://adsabs.harvard.edu/cgi-bin/nph-bib_query?bibcode=2005MNRAS.364L..56R&db_key=AST},
  adsnote = {Provided by the Smithsonian/NASA Astrophysics Data System}
}

@ARTICLE{vorobyov2005,
   author = {{Vorobyov}, E.~I. and {Basu}, S.},
    title = "{The effect of a finite mass reservoir on the collapse of spherical isothermal clouds and the evolution of protostellar accretion}",
  journal = {\mnras},
   eprint = {arXiv:astro-ph/0504055},
 keywords = {hydrodynamics, stars: formation, ISM: clouds},
     year = 2005,
    month = jun,
   volume = 360,
    pages = {675-684},
      doi = {10.1111/j.1365-2966.2005.09062.x},
   adsurl = {http://adsabs.harvard.edu/abs/2005MNRAS.360..675V},
  adsnote = {Provided by the SAO/NASA Astrophysics Data System}
}

@ARTICLE{boley2006,
   author = {{Boley}, A.~C. and {Mej{\'{\i}}a}, A.~C. and {Durisen}, R.~H. and 
	{Cai}, K. and {Pickett}, M.~K. and {D'Alessio}, P.},
    title = "{The Thermal Regulation of Gravitational Instabilities in Protoplanetary Disks. III. Simulations with Radiative Cooling and Realistic Opacities}",
  journal = apj,
   eprint = {astro-ph/0607112},
     year = 2006,
    month = nov,
   volume = 651,
    pages = {517-534},
   adsurl = {http://adsabs.harvard.edu/cgi-bin/nph-bib_query?bibcode=2006ApJ...651..517B&db_key=AST},
  adsnote = {Provided by the Smithsonian/NASA Astrophysics Data System}
}

@ARTICLE{cai2006,
   author = {{Cai}, K. and {Durisen}, R.~H. and {Michael}, S. and {Boley}, A.~C. and 
	{Mej{\'{\i}}a}, A.~C. and {Pickett}, M.~K. and {D'Alessio}, P.
	},
    title = "{The Effects of Metallicity and Grain Size on Gravitational Instabilities in Protoplanetary Disks}",
  journal = apjl,
     year = 2006,
    month = jan,
   volume = 636,
    pages = {L149-L152},
   adsurl = {http://adsabs.harvard.edu/cgi-bin/nph-bib_query?bibcode=2006ApJ...636L.149C&db_key=AST},
  adsnote = {Provided by the Smithsonian/NASA Astrophysics Data System}
}

@PHDTHESIS{caiphd2006,
   author = {{Cai}, K.},
    title = "{Three-dimensional hydrodynamics simulations of gravitational instabilities in embedded protoplanetary disks}",
 keywords = {Gravitational, Protoplanetary disks, Embedded disks},
   school = {Indiana University},
     year = 2006,
   adsurl = {http://adsabs.harvard.edu/abs/2006PhDT........13C},
  adsnote = {Provided by the SAO/NASA Astrophysics Data System}
}

@ARTICLE{eisner2006,
   author = {{Eisner}, J.~A. and {Carpenter}, J.~M.},
    title = "{Massive Protoplanetary Disks in the Trapezium Region}",
  journal = apj,
   eprint = {arXiv:astro-ph/0601033},
 keywords = {Galaxy: Open Clusters and Associations: Individual: Name: Orion, Stars: Planetary Systems: Protoplanetary Disks, Stars: Pre-Main-Sequence},
     year = 2006,
    month = apr,
   volume = 641,
    pages = {1162-1171},
      doi = {10.1086/500637},
   adsurl = {http://adsabs.harvard.edu/abs/2006ApJ...641.1162E},
  adsnote = {Provided by the SAO/NASA Astrophysics Data System}
}

@ARTICLE{flower2006,
   author = {{Flower}, D.~R. and {Pineau Des For{\^e}ts}, G. and {Walmsley}, C.~M.
	},
    title = "{The importance of the ortho:para H_{2} ratio for the deuteration of molecules during pre-protostellar collapse}",
  journal = aap,
   eprint = {arXiv:astro-ph/0601429},
     year = 2006,
    month = apr,
   volume = 449,
    pages = {621-629},
      doi = {10.1051/0004-6361:20054246},
   adsurl = {http://adsabs.harvard.edu/abs/2006A%26A...449..621F},
  adsnote = {Provided by the SAO/NASA Astrophysics Data System}
}

@ARTICLE{helled2006,
   author = {{Helled}, R. and {Podolak}, M. and {Kovetz}, A.},
    title = "{Planetesimal capture in the disk instability model}",
  journal = {Icarus},
   eprint = {arXiv:astro-ph/0606726},
     year = 2006,
    month = nov,
   volume = 185,
    pages = {64-71},
      doi = {10.1016/j.icarus.2006.06.011},
   adsurl = {http://adsabs.harvard.edu/abs/2006Icar..185...64H},
  adsnote = {Provided by the SAO/NASA Astrophysics Data System}
}

@ARTICLE{paardekooper2006,
   author = {{Paardekooper}, {S.-J.} and {Mellema}, G.},
    title = "{Halting type I planet migration in non-isothermal disks}",
  journal = aap,
   eprint = {arXiv:astro-ph/0608658},
 keywords = {radiative transfer, hydrodynamics, methods: numerical, planets and satellites: formation},
     year = 2006,
    month = nov,
   volume = 459,
    pages = {L17-L20},
      doi = {10.1051/0004-6361:20066304},
   adsurl = {http://adsabs.harvard.edu/abs/2006A%26A...459L..17P},
  adsnote = {Provided by the SAO/NASA Astrophysics Data System}
}

@ARTICLE{rice2006,
   author = {{Rice}, W.~K.~M. and {Armitage}, P.~J. and {Wood}, K. and {Lodato}, G.
	},
    title = "{Dust filtration at gap edges: implications for the spectral energy distributions of discs with embedded planets}",
  journal = mnras,
   eprint = {arXiv:astro-ph/0609808},
     year = 2006,
    month = dec,
   volume = 373,
    pages = {1619-1626},
      doi = {10.1111/j.1365-2966.2006.11113.x},
   adsurl = {http://adsabs.harvard.edu/abs/2006MNRAS.373.1619R},
  adsnote = {Provided by the Smithsonian/NASA Astrophysics Data System}
}

@ARTICLE{vorobyov2006,
   author = {{Vorobyov}, E.~I. and {Basu}, S.},
    title = "{The Burst Mode of Protostellar Accretion}",
  journal = apj,
   eprint = {arXiv:astro-ph/0607118},
 keywords = {Accretion, Accretion Disks, Hydrodynamics, Instabilities, ISM: Clouds, Magnetohydrodynamics: MHD, Stars: Formation},
     year = 2006,
    month = oct,
   volume = 650,
    pages = {956-969},
      doi = {10.1086/507320},
   adsurl = {http://adsabs.harvard.edu/abs/2006ApJ...650..956V},
  adsnote = {Provided by the SAO/NASA Astrophysics Data System}
}

@INPROCEEDINGS{durisen2007,
   author = {{Durisen}, R.~H. and {Boss}, A.~P. and {Mayer}, L. and {Nelson}, A.~F. and 
	{Quinn}, T. and {Rice}, W.~K.~M.},
    title = "{Gravitational Instabilities in Gaseous Protoplanetary Disks and Implications for Giant Planet Formation}",
booktitle = {Protostars and Planets V, B. Reipurth, D. Jewitt, and K. Keil (eds.), University of Arizona Press, Tucson, 951 pp., 2007., p.607-622},
     year = 2007,
   editor = {{Reipurth}, B. and {Jewitt}, D. and {Keil}, K.},
    pages = {607-622},
   adsurl = {http://adsabs.harvard.edu/cgi-bin/nph-bib_query?bibcode=2007prpl.conf..607D&db_key=AST},
  adsnote = {Provided by the Smithsonian/NASA Astrophysics Data System}
}

@ARTICLE{boley2007,
   author = {{Boley}, A.~C. and {Hartquist}, T.~W. and {Durisen}, R.~H. and 
	{Michael}, S.},
    title = "{The Internal Energy for Molecular Hydrogen in Gravitationally Unstable Protoplanetary Disks}",
  journal = apjl,
   eprint = {astro-ph/0701146},
     year = 2007,
    month = feb,
   volume = 656,
    pages = {L89-L92},
      doi = {10.1086/512235},
   adsurl = {http://adsabs.harvard.edu/cgi-bin/nph-bib_query?bibcode=2007ApJ...656L..89B&db_key=AST},
  adsnote = {Provided by the Smithsonian/NASA Astrophysics Data System}
}

@ARTICLE{boley2007b,
   author = {{Boley}, A.~C. and {Durisen}, R.~H. and {Nordlund}, {\AA}. and 
	{Lord}, J.},
    title = "{Three-Dimensional Radiative Hydrodynamics for Disk Stability Simulations: A Proposed Testing Standard and New Results}",
  journal = apj,
   eprint = {arXiv:0704.2532},
 keywords = {Accretion, Accretion Disks, Convection, Hydrodynamics, Instabilities, Solar System: Formation},
     year = 2007,
    month = aug,
   volume = 665,
    pages = {1254-1267},
      doi = {10.1086/519767},
   adsurl = {http://adsabs.harvard.edu/abs/2007ApJ...665.1254B},
  adsnote = {Provided by the SAO/NASA Astrophysics Data System}
}

@PHDTHESIS{boleyphd2007,
   author = {{Boley}, A.~C.},
    title = "{The Three-Dimensional Behavior of Spiral Shocks in Protoplanetary Disks}",
 keywords = {Gravitational, Protoplanetary disks, Embedded disks},
   school = {Indiana University},
     year = 2007,
   adsurl = {http://adsabs.harvard.edu/abs/2007arXiv0710.1244B},
  adsnote = {Provided by the SAO/NASA Astrophysics Data System}
}

@ARTICLE{boss2007,
   author = {{Boss}, A.~P.},
    title = "{Testing Disk Instability Models for Giant Planet Formation}",
  journal = apjl,
   eprint = {arXiv:0704.1138},
 keywords = {Stars: Planetary Systems, Solar System: Formation},
     year = 2007,
    month = may,
   volume = 661,
    pages = {L73-L76},
      doi = {10.1086/518691},
   adsurl = {http://adsabs.harvard.edu/abs/2007ApJ...661L..73B},
  adsnote = {Provided by the SAO/NASA Astrophysics Data System}
}

@ARTICLE{clarke2007,
   author = {{Clarke}, C.~J. and {Harper-Clark}, E. and {Lodato}, G.},
    title = "{The response of self-gravitating protostellar discs to slow reduction in cooling time-scale: the fragmentation boundary revisited}",
  journal = mnras,
archivePrefix = "arXiv",
   eprint = {0708.0742},
 keywords = {accretion, accretion discs, gravitation, instabilities, stars: formation},
     year = 2007,
    month = nov,
   volume = 381,
    pages = {1543-1547},
      doi = {10.1111/j.1365-2966.2007.12322.x},
   adsurl = {http://adsabs.harvard.edu/abs/2007MNRAS.381.1543C},
  adsnote = {Provided by the SAO/NASA Astrophysics Data System}
}

@ARTICLE{fromang2007,
   author = {{Fromang}, S. and {Papaloizou}, J.},
    title = "{MHD simulations of the magnetorotational instability in a shearing box with zero net flux. I. The issue of convergence}",
  journal = aap,
archivePrefix = "arXiv",
   eprint = {0705.3621},
 keywords = {accretion, accretion disks, magnetohydrodynamics (MHD), methods: numerical},
     year = 2007,
    month = dec,
   volume = 476,
    pages = {1113-1122},
      doi = {10.1051/0004-6361:20077942},
   adsurl = {http://adsabs.harvard.edu/abs/2007A%26A...476.1113F},
  adsnote = {Provided by the SAO/NASA Astrophysics Data System}
}

@ARTICLE{lodato2007,
   author = {{Lodato}, G. and {Meru}, F. and {Clarke}, C.~J. and {Rice}, W.~K.~M.
	},
    title = "{The role of the energy equation in the fragmentation of protostellar discs during stellar encounters}",
  journal = mnras,
   eprint = {arXiv:astro-ph/0610201},
     year = 2007,
    month = jan,
   volume = 374,
    pages = {590-598},
      doi = {10.1111/j.1365-2966.2006.11211.x},
   adsurl = {http://adsabs.harvard.edu/abs/2007MNRAS.374..590L},
  adsnote = {Provided by the Smithsonian/NASA Astrophysics Data System}
}

@ARTICLE{lesur2007,
   author = {{Lesur}, G. and {Longaretti}, {P.-Y.}},
    title = "{Impact of dimensionless numbers on the efficiency of magnetorotational instability induced turbulent transport}",
  journal = mnras,
archivePrefix = "arXiv",
   eprint = {0704.2943},
 keywords = {accretion, accretion discs, MHD, turbulence},
     year = 2007,
    month = jul,
   volume = 378,
    pages = {1471-1480},
      doi = {10.1111/j.1365-2966.2007.11888.x},
   adsurl = {http://adsabs.harvard.edu/abs/2007MNRAS.378.1471L},
  adsnote = {Provided by the SAO/NASA Astrophysics Data System}
}

@ARTICLE{michael2007,
   author={{Michael}, S. and {Durisen}, R.~H. and {Boley}, A.~C.},
   title="{The Effects of Varied Conditions in Gravitationally Unstable Protoplanetary Disks}",
   journal=mnras,
   year="{in preparation}",
}

@ARTICLE{mayer2007,
   author = {{Mayer}, L. and {Lufkin}, G. and {Quinn}, T. and {Wadsley}, J.
	},
    title = "{Fragmentation of Gravitationally Unstable Gaseous Protoplanetary Disks with Radiative Transfer}",
  journal = apjl,
   eprint = {arXiv:astro-ph/0606361},
 keywords = {Accretion, Accretion Disks, Hydrodynamics, Methods: n-Body Simulations, Stars: Planetary Systems: Formation, Solar System: Formation},
     year = 2007,
    month = may,
   volume = 661,
    pages = {L77-L80},
      doi = {10.1086/518433},
   adsurl = {http://adsabs.harvard.edu/abs/2007ApJ...661L..77M},
  adsnote = {Provided by the SAO/NASA Astrophysics Data System}
}

@INPROCEEDINGS{papaloizou2007,
   author = {{Papaloizou}, J.~C.~B. and {Nelson}, R.~P. and {Kley}, W. and 
	{Masset}, F.~S. and {Artymowicz}, P.},
    title = "{Disk-Planet Interactions During Planet Formation}",
booktitle = {Protostars and Planets V},
     year = 2007,
   editor = "{B.~Reipurth, D.~Jewitt, \& K.~Keil}",
    pages = {655-668},
   adsurl = {http://adsabs.harvard.edu/abs/2007prpl.conf..655P},
  adsnote = {Provided by the SAO/NASA Astrophysics Data System}
}

@ARTICLE{pickett2007,
   author = {{Pickett}, M.~K. and {Durisen}, R.~H.},
    title = "{Numerical Viscosity and the Survival of Gas Giant Protoplanets in Disk Simulations}",
  journal = apjl,
     year = 2007,
    month = jan,
   volume = 654,
    pages = {L155-L158},
      doi = {10.1086/511069},
   adsurl = {http://adsabs.harvard.edu/cgi-bin/nph-bib_query?bibcode=2007ApJ...654L.155P&db_key=AST},
  adsnote = {Provided by the Smithsonian/NASA Astrophysics Data System}
}

@ARTICLE{rafikov2007,
   author = {{Rafikov}, R.~R.},
    title = "{Convective Cooling and Fragmentation of Gravitationally Unstable Disks}",
  journal = apj,
   eprint = {arXiv:astro-ph/0609549},
 keywords = {Stars: Planetary Systems: Protoplanetary Disks, Planets and Satellites: Formation, Solar System: Formation},
     year = 2007,
    month = jun,
   volume = 662,
    pages = {642-650},
      doi = {10.1086/517599},
   adsurl = {http://adsabs.harvard.edu/abs/2007ApJ...662..642R},
  adsnote = {Provided by the SAO/NASA Astrophysics Data System}
}

@inproceedings{simms2007,
 author = {Stephen C. Simms and Gregory G. Pike and S. Teige and Bret Hammond and Yu Ma and Larry L. Simms and C. Westneat and Douglas A. Balog},
 title = {Empowering distributed workflow with the data capacitor: maximizing lustre performance across the wide area network},
 booktitle = {SOCP '07: Proceedings of the 2007 workshop on Service-oriented computing performance: aspects, issues, and approaches},
 year = {2007},
 isbn = {978-1-59593-717-9},
 pages = {53--58},
 location = {Monterey, California, USA},
 doi = {http://doi.acm.org/10.1145/1272457.1272465},
 publisher = {ACM},
 address = {New York, NY, USA},
 }
 
 @ARTICLE{boley2008,
   author = {{Boley}, A.~C. and {Durisen}, R.~H.},
    title = "{Gravitational Instabilities, Chondrule Formation, and the FU Orionis Phenomenon}",
  journal = apj,
archivePrefix = "arXiv",
   eprint = {0806.1740},
 keywords = {Accretion, Accretion Disks, Hydrodynamics, Instabilities, Stars: Planetary Systems: Protoplanetary Disks, Solar System: Formation},
     year = 2008,
    month = oct,
   volume = 685,
    pages = {1193-1209},
      doi = {10.1086/591013},
   adsurl = {http://adsabs.harvard.edu/abs/2008ApJ...685.1193B},
  adsnote = {Provided by the SAO/NASA Astrophysics Data System}
}
 
 @ARTICLE{cai2008,
   author = {{Cai}, K. and {Durisen}, R.~H. and {Boley}, A.~C. and {Pickett}, M.~K. and 
	{Mej{\'{\i}}a}, A.~C.},
    title = "{The Thermal Regulation of Gravitational Instabilities in Protoplanetary Disks. IV. Simulations with Envelope Irradiation}",
  journal = apj,
archivePrefix = "arXiv",
   eprint = {0706.4046},
 keywords = {Accretion, Accretion Disks, Hydrodynamics, Instabilities, Stars: Planetary Systems: Formation, Stars: Planetary Systems: Protoplanetary Disks},
     year = 2008,
    month = feb,
   volume = 673,
    pages = {1138-1153},
      doi = {10.1086/524101},
   adsurl = {http://adsabs.harvard.edu/abs/2008ApJ...673.1138C},
  adsnote = {Provided by the SAO/NASA Astrophysics Data System}
}

@ARTICLE{dangelo2008,
   author = {{D'Angelo}, G. and {Lubow}, S.~H.},
    title = "{Evolution of Migrating Planets Undergoing Gas Accretion}",
  journal = apj,
archivePrefix = "arXiv",
   eprint = {0806.1771},
 keywords = {Accretion, Accretion Disks, Hydrodynamics, Methods: Numerical, Stars: Planetary Systems: Formation, Stars: Planetary Systems: Protoplanetary Disks, Solar System: Formation},
     year = 2008,
    month = sep,
   volume = 685,
    pages = {560-583},
      doi = {10.1086/590904},
   adsurl = {http://adsabs.harvard.edu/abs/2008ApJ...685..560D},
  adsnote = {Provided by the SAO/NASA Astrophysics Data System}
}

@ARTICLE{helled2008a,
   author = {{Helled}, R. and {Podolak}, M. and {Kovetz}, A.},
    title = "{Grain sedimentation in a giant gaseous protoplanet}",
  journal = {Icarus},
archivePrefix = "arXiv",
   eprint = {0801.2435},
     year = 2008,
    month = jun,
   volume = 195,
    pages = {863-870},
      doi = {10.1016/j.icarus.2008.01.007},
   adsurl = {http://adsabs.harvard.edu/abs/2008Icar..195..863H},
  adsnote = {Provided by the SAO/NASA Astrophysics Data System}
}

@ARTICLE{helled2008b,
   author = {{Helled}, R. and {Schubert}, G.},
    title = "{Core formation in giant gaseous protoplanets}",
  journal = {Icarus},
archivePrefix = "arXiv",
   eprint = {0808.2787},
     year = 2008,
    month = nov,
   volume = 198,
    pages = {156-162},
      doi = {10.1016/j.icarus.2008.08.002},
   adsurl = {http://adsabs.harvard.edu/abs/2008Icar..198..156H},
  adsnote = {Provided by the SAO/NASA Astrophysics Data System}
}
 
 @ARTICLE{ida2008,
   author = {{Ida}, S. and {Lin}, D.~N.~C.},
    title = "{Toward a Deterministic Model of Planetary Formation. IV. Effects of Type I Migration}",
  journal = apj,
archivePrefix = "arXiv",
   eprint = {0802.1114},
 keywords = {Stars: Planetary Systems: Formation, Solar System: Formation},
     year = 2008,
    month = jan,
   volume = 673,
    pages = {487-501},
      doi = {10.1086/523754},
   adsurl = {http://adsabs.harvard.edu/abs/2008ApJ...673..487I},
  adsnote = {Provided by the SAO/NASA Astrophysics Data System}
}

@ARTICLE{kley2008,
   author = {{Kley}, W. and {Crida}, A.},
    title = "{Migration of protoplanets in radiative discs}",
  journal = aap,
 keywords = {stars: planetary systems: formation, accretion, accretion disks},
     year = 2008,
    month = aug,
   volume = 487,
    pages = {L9-L12},
      doi = {10.1051/0004-6361:200810033},
   adsurl = {http://adsabs.harvard.edu/abs/2008A%26A...487L...9K},
  adsnote = {Provided by the SAO/NASA Astrophysics Data System}
}

@ARTICLE{kratter2008,
   author = {{Kratter}, K.~M. and {Matzner}, C.~D. and {Krumholz}, M.~R.},
    title = "{Global Models for the Evolution of Embedded, Accreting Protostellar Disks}",
  journal = apj,
archivePrefix = "arXiv",
   eprint = {0709.4252},
 keywords = {Accretion, Accretion Disks, Stars: Binaries: General, ISM: Clouds, Stars: Formation},
     year = 2008,
    month = jul,
   volume = 681,
    pages = {375-390},
      doi = {10.1086/587543},
   adsurl = {http://adsabs.harvard.edu/abs/2008ApJ...681..375K},
  adsnote = {Provided by the SAO/NASA Astrophysics Data System}
}

@ARTICLE{militzer2008,
   author = {{Militzer}, B. and {Hubbard}, W.~B. and {Vorberger}, J. and 
	{Tamblyn}, I. and {Bonev}, S.~A.},
    title = "{A Massive Core in Jupiter Predicted from First-Principles Simulations}",
  journal = apjl,
archivePrefix = "arXiv",
   eprint = {0807.4264},
 keywords = {Dense Matter, Equation of State, Planets and Satellites: Individual: Jupiter},
     year = 2008,
    month = nov,
   volume = 688,
    pages = {L45-L48},
      doi = {10.1086/594364},
   adsurl = {http://adsabs.harvard.edu/abs/2008ApJ...688L..45M},
  adsnote = {Provided by the SAO/NASA Astrophysics Data System}
}

@ARTICLE{peplinski2008c,
   author = {{Pepli{\'n}ski}, A. and {Artymowicz}, P. and {Mellema}, G.},
    title = "{Numerical simulations of type III planetary migration - III. Outward migration of massive planets}",
  journal = mnras,
archivePrefix = "arXiv",
   eprint = {0802.2501},
 keywords = {accretion, accretion discs , hydrodynamics , methods: numerical , planets and satellites: formation},
     year = 2008,
    month = jul,
   volume = 387,
    pages = {1063-1079},
      doi = {10.1111/j.1365-2966.2008.13339.x},
   adsurl = {http://adsabs.harvard.edu/abs/2008MNRAS.387.1063P},
  adsnote = {Provided by the SAO/NASA Astrophysics Data System}
}

@ARTICLE{peplinski2008b,
   author = {{Pepli{\'n}ski}, A. and {Artymowicz}, P. and {Mellema}, G.},
    title = "{Numerical simulations of type III planetary migration - II. Inward migration of massive planets}",
  journal = mnras,
archivePrefix = "arXiv",
   eprint = {0709.3754},
 keywords = {accretion, accretion discs , hydrodynamics , methods: numerical , planets and satellites: formation},
     year = 2008,
    month = may,
   volume = 386,
    pages = {179-198},
      doi = {10.1111/j.1365-2966.2008.13046.x},
   adsurl = {http://adsabs.harvard.edu/abs/2008MNRAS.386..179P},
  adsnote = {Provided by the SAO/NASA Astrophysics Data System}
}

@ARTICLE{peplinski2008a,
   author = {{Pepli{\'n}ski}, A. and {Artymowicz}, P. and {Mellema}, G.},
    title = "{Numerical simulations of type III planetary migration - I. Disc model and convergence tests}",
  journal = mnras,
archivePrefix = "arXiv",
   eprint = {0709.3622},
 keywords = {accretion, accretion discs , hydrodynamics , methods: numerical , planets and satellites: formation},
     year = 2008,
    month = may,
   volume = 386,
    pages = {164-178},
      doi = {10.1111/j.1365-2966.2008.13045.x},
   adsurl = {http://adsabs.harvard.edu/abs/2008MNRAS.386..164P},
  adsnote = {Provided by the SAO/NASA Astrophysics Data System}
}

@ARTICLE{stamatellos2008,
   author = {{Stamatellos}, D. and {Whitworth}, A.~P.},
    title = "{Can giant planets form by gravitational fragmentation of discs?.}",
  journal = aap,
archivePrefix = "arXiv",
   eprint = {0709.0966},
 keywords = {accretion, accretion discs, hydrodynamics, instabilities, radiative transfer, planets and satellites: formation, stars: planetary systems: protoplanetary discs},
     year = 2008,
    month = mar,
   volume = 480,
    pages = {879-887},
      doi = {10.1051/0004-6361:20078628},
   adsurl = {http://adsabs.harvard.edu/abs/2008A%26A...480..879S},
  adsnote = {Provided by the SAO/NASA Astrophysics Data System}
}

@ARTICLE{vorobyov2008,
   author = {{Vorobyov}, E.~I. and {Basu}, S.},
    title = "{Mass Accretion Rates in Self-Regulated Disks of T Tauri Stars}",
  journal = apjl,
archivePrefix = "arXiv",
   eprint = {0802.2242},
 keywords = {Accretion, Accretion Disks, Hydrodynamics, Instabilities, ISM: Clouds, Stars: Formation},
     year = 2008,
    month = apr,
   volume = 676,
    pages = {L139-L142},
      doi = {10.1086/587514},
   adsurl = {http://adsabs.harvard.edu/abs/2008ApJ...676L.139V},
  adsnote = {Provided by the SAO/NASA Astrophysics Data System}
}

@ARTICLE{boley2009,
   author = {{Boley}, A.~C.},
    title = "{The Two Modes of Gas Giant Planet Formation}",
  journal = apjl,
archivePrefix = "arXiv",
   eprint = {0902.3999},
 keywords = {hydrodynamics, instabilities, planetary systems: formation, planetary systems: protoplanetary disks, radiative transfer },
     year = 2009,
    month = apr,
   volume = 695,
    pages = {L53-L57},
      doi = {10.1088/0004-637X/695/1/L53},
   adsurl = {http://adsabs.harvard.edu/abs/2009ApJ...695L..53B},
  adsnote = {Provided by the SAO/NASA Astrophysics Data System}
}

@ARTICLE{chambers2009,
   author = {{Chambers}, J.~E.},
    title = "{Planetary Migration: What Does It Mean for Planet Formation?}",
  journal = {Annual Review of Earth and Planetary Sciences},
     year = 2009,
    month = may,
   volume = 37,
    pages = {321-344},
      doi = {10.1146/annurev.earth.031208.100122},
   adsurl = {http://adsabs.harvard.edu/abs/2009AREPS..37..321C},
  adsnote = {Provided by the SAO/NASA Astrophysics Data System}
}

@ARTICLE{clarke2009,
   author = {{Clarke}, C.~J.},
    title = "{Pseudo-viscous modelling of self-gravitating discs and the formation of low mass ratio binaries}",
  journal = mnras,
archivePrefix = "arXiv",
   eprint = {0904.3549},
 keywords = {accretion, accretion discs , circumstellar matter},
     year = 2009,
    month = may,
    pages = {612-+},
      doi = {10.1111/j.1365-2966.2009.14774.x},
   adsurl = {http://adsabs.harvard.edu/abs/2009MNRAS.tmp..612C},
  adsnote = {Provided by the SAO/NASA Astrophysics Data System}
}

@ARTICLE{cossins2009,
   author = {{Cossins}, P. and {Lodato}, G. and {Clarke}, C.~J.},
    title = "{Characterizing the gravitational instability in cooling accretion discs}",
  journal = {\mnras},
archivePrefix = "arXiv",
   eprint = {0811.3629},
 keywords = {accretion, accretion discs , gravitation , hydrodynamics , instabilities , planetary systems: formation , galaxies: active},
     year = 2009,
    month = mar,
   volume = 393,
    pages = {1157-1173},
      doi = {10.1111/j.1365-2966.2008.14275.x},
   adsurl = {http://adsabs.harvard.edu/abs/2009MNRAS.393.1157C},
  adsnote = {Provided by the SAO/NASA Astrophysics Data System}
}

@ARTICLE{dodson2009,
   author = {{Dodson-Robinson}, S.~E. and {Veras}, D. and {Ford}, E.~B. and 
	{Beichman}, C.~A.},
    title = "{The Formation Mechanism of Gas Giants on Wide Orbits}",
  journal = apj,
archivePrefix = "arXiv",
   eprint = {0909.2662},
 primaryClass = "astro-ph.EP",
 keywords = {accretion, accretion disks, instabilities, planetary systems, planetary systems: formation, stars: formation},
     year = 2009,
    month = dec,
   volume = 707,
    pages = {79-88},
      doi = {10.1088/0004-637X/707/1/79},
   adsurl = {http://adsabs.harvard.edu/abs/2009ApJ...707...79D},
  adsnote = {Provided by the SAO/NASA Astrophysics Data System}
}

@ARTICLE{forgan2009,
   author = {{Forgan}, D. and {Rice}, K. and {Stamatellos}, D. and {Whitworth}, A.
	},
    title = "{Introducing a hybrid radiative transfer method for smoothed particle hydrodynamics}",
  journal = mnras,
archivePrefix = "arXiv",
   eprint = {0812.0304},
 keywords = {accretion, accretion discs , hydrodynamics , radiative transfer , methods: numerical , stars: formation},
     year = 2009,
    month = feb,
    pages = {172-+},
      doi = {10.1111/j.1365-2966.2008.14373.x},
   adsurl = {http://adsabs.harvard.edu/abs/2009MNRAS.tmp..172F},
  adsnote = {Provided by the SAO/NASA Astrophysics Data System}
}

@ARTICLE{rafikov2009,
   author = {{Rafikov}, R.~R.},
    title = "{Properties of Gravitoturbulent Accretion Disks}",
  journal = apj,
archivePrefix = "arXiv",
   eprint = {0901.4739},
 keywords = {accretion, accretion disks, instabilities, planetary systems: protoplanetary disks, quasars: general },
     year = 2009,
    month = oct,
   volume = 704,
    pages = {281-291},
      doi = {10.1088/0004-637X/704/1/281},
   adsurl = {http://adsabs.harvard.edu/abs/2009ApJ...704..281R},
  adsnote = {Provided by the SAO/NASA Astrophysics Data System}
}

@ARTICLE{simon2009,
   author = {{Simon}, J.~B. and {Hawley}, J.~F.},
    title = "{Viscous and Resistive Effects on the Magnetorotational Instability with a Net Toroidal Field}",
  journal = apj,
archivePrefix = "arXiv",
   eprint = {0906.5352},
 keywords = {accretion, accretion disks, black hole physics, MHD},
     year = 2009,
    month = dec,
   volume = 707,
    pages = {833-843},
      doi = {10.1088/0004-637X/707/1/833},
   adsurl = {http://adsabs.harvard.edu/abs/2009ApJ...707..833S},
  adsnote = {Provided by the SAO/NASA Astrophysics Data System}
}


@ARTICLE{stam2009,
   author = {{Stamatellos}, D. and {Whitworth}, A.~P.},
    title = "{The properties of brown dwarfs and low-mass hydrogen-burning stars formed by disc fragmentation}",
  journal = mnras,
archivePrefix = "arXiv",
   eprint = {0810.1687},
 keywords = {accretion, accretion discs , hydrodynamics , radiative transfer , methods: numerical , stars: formation , stars: low-mass, brown dwarfs},
     year = 2009,
    month = jan,
   volume = 392,
    pages = {413-427},
      doi = {10.1111/j.1365-2966.2008.14069.x},
   adsurl = {http://adsabs.harvard.edu/abs/2009MNRAS.392..413S},
  adsnote = {Provided by the SAO/NASA Astrophysics Data System}
}

@ARTICLE{vorobyov2009,
   author = {{Vorobyov}, E.~I.},
    title = "{Disk Masses in the Embedded and T Tauri Phases of Stellar Evolution}",
  journal = apj,
archivePrefix = "arXiv",
   eprint = {0810.1393},
 keywords = {circumstellar matter, hydrodynamics, ISM: clouds, planetary systems: protoplanetary disks, stars: formation},
     year = 2009,
    month = feb,
   volume = 692,
    pages = {1609-1622},
      doi = {10.1088/0004-637X/692/2/1609},
   adsurl = {http://adsabs.harvard.edu/abs/2009ApJ...692.1609V},
  adsnote = {Provided by the SAO/NASA Astrophysics Data System}
}

@ARTICLE{zhu2009,
   author = {{Zhu}, Z. and {Hartmann}, L. and {Gammie}, C. and {McKinney}, J.~C.
	},
    title = "{Two-dimensional Simulations of FU Orionis Disk Outbursts}",
  journal = apj,
archivePrefix = "arXiv",
   eprint = {0906.1595},
 primaryClass = "astro-ph.SR",
 keywords = {accretion, accretion disks, circumstellar matter, convection, stars: formation, stars: pre-main sequence, stars: variables: other},
     year = 2009,
    month = aug,
   volume = 701,
    pages = {620-634},
      doi = {10.1088/0004-637X/701/1/620},
   adsurl = {http://adsabs.harvard.edu/abs/2009ApJ...701..620Z},
  adsnote = {Provided by the SAO/NASA Astrophysics Data System}
}

@ARTICLE{boley2010,
   author = {{Boley}, A.~C. and {Hayfield}, T. and {Mayer}, L. and {Durisen}, R.~H.
	},
    title = "{Clumps in the outer disk by disk instability: Why they are initially gas giants and the legacy of disruption}",
  journal = {Icarus},
archivePrefix = "arXiv",
   eprint = {0909.4543},
 primaryClass = "astro-ph.EP",
     year = 2010,
    month = jun,
   volume = 207,
    pages = {509-516},
      doi = {10.1016/j.icarus.2010.01.015},
   adsurl = {http://adsabs.harvard.edu/abs/2010Icar..207..509B},
  adsnote = {Provided by the SAO/NASA Astrophysics Data System}
}

@INPROCEEDINGS{guillot2010,
   author = {{Guillot}, T.},
    title = "{The formation of giant planets: constraints from interior models}",
booktitle = {EAS Publications Series},
     year = 2010,
   series = {EAS Publications Series},
   volume = 41,
   editor = "{T.~Montmerle, D.~Ehrenreich, \& A.-M.~Lagrange}",
    month = jan,
    pages = {355-365},
      doi = {10.1051/eas/1041025},
   adsurl = {http://adsabs.harvard.edu/abs/2010EAS....41..355G},
  adsnote = {Provided by the SAO/NASA Astrophysics Data System}
}

@ARTICLE{lin2010,
   author = {{Lin}, {M.-K.} and {Papaloizou}, J.~C.~B.},
    title = "{Type III migration in a low-viscosity disc}",
  journal = mnras,
archivePrefix = "arXiv",
   eprint = {1002.3742},
 primaryClass = "astro-ph.EP",
 keywords = {planetary systems: formation, planetary systems: protoplanetary discs},
     year = 2010,
    month = jul,
   volume = 405,
    pages = {1473-1490},
      doi = {10.1111/j.1365-2966.2010.16560.x},
   adsurl = {http://adsabs.harvard.edu/abs/2010MNRAS.405.1473L},
  adsnote = {Provided by the SAO/NASA Astrophysics Data System}
}

@ARTICLE{michael2010,
   author = {{Michael}, S. and {Durisen}, R.~H.},
    title = "{Stellar motion induced by gravitational instabilities in protoplanetary discs}",
  journal = mnras,
 keywords = {accretion, accretion discs, hydrodynamics, planets and satellites: formation, protoplanetary discs},
     year = 2010,
    month = jul,
   volume = 406,
    pages = {279-289},
      doi = {10.1111/j.1365-2966.2010.16694.x},
   adsurl = {http://adsabs.harvard.edu/abs/2010MNRAS.406..279M},
  adsnote = {Provided by the SAO/NASA Astrophysics Data System}
}

@ARTICLE{paardekooper2010,
   author = {{Paardekooper}, {S.-J.} and {Baruteau}, C. and {Crida}, A. and 
	{Kley}, W.},
    title = "{A torque formula for non-isothermal type I planetary migration - I. Unsaturated horseshoe drag}",
  journal = mnras,
archivePrefix = "arXiv",
   eprint = {0909.4552},
 primaryClass = "astro-ph.EP",
 keywords = {planets and satellites: formation, planetary systems: formation},
     year = 2010,
    month = jan,
   volume = 401,
    pages = {1950-1964},
      doi = {10.1111/j.1365-2966.2009.15782.x},
   adsurl = {http://adsabs.harvard.edu/abs/2010MNRAS.401.1950P},
  adsnote = {Provided by the SAO/NASA Astrophysics Data System}
}

@ARTICLE{vorobyov2010,
   author = {{Vorobyov}, E.~I.},
    title = "{The applicability of the viscous {$\alpha$}-parameterization of gravitational instability in circumstellar disks}",
  journal = {New Astronomy},
archivePrefix = "arXiv",
   eprint = {0905.1914},
 keywords = {Star formation, Accretion and accretion disks, Pre-main sequence objects, young stellar objects  and protostars, Hydrodynamics},
     year = 2010,
    month = jan,
   volume = 15,
    pages = {24-38},
      doi = {10.1016/j.newast.2009.05.007},
   adsurl = {http://adsabs.harvard.edu/abs/2010NewA...15...24V},
  adsnote = {Provided by the SAO/NASA Astrophysics Data System}
}

@ARTICLE{zhu2010,
   author = {{Zhu}, Z. and {Hartmann}, L. and {Gammie}, C.},
    title = "{Long-term Evolution of Protostellar and Protoplanetary Disks. II. Layered Accretion with Infall}",
  journal = apj,
archivePrefix = "arXiv",
   eprint = {1003.1756},
 primaryClass = "astro-ph.SR",
 keywords = {accretion, accretion disks, stars: formation, stars: pre-main sequence},
     year = 2010,
    month = apr,
   volume = 713,
    pages = {1143-1158},
      doi = {10.1088/0004-637X/713/2/1143},
   adsurl = {http://adsabs.harvard.edu/abs/2010ApJ...713.1143Z},
  adsnote = {Provided by the SAO/NASA Astrophysics Data System}
}
 
 @misc{Vampirtrace,
Author = {ZIH},
Title = {VampirTrace Homepage},
howpublished = {\url{http://www.tu-dresden.de/zih/vampirtrace}} } 

@misc{otf,
Author = {ZIH},
Title = {Open Trace Format Homepage},
howpublished = {\url{http://www.tu-dresden.de/zih/otf}} }
